3052 5024
40 1045 63 1084 P.
74 1045 173 1085 Valerius
180 1045 230 1086 Octo

56 2327 145 2368 Curtius
158 2327 230 2368 Niciae

242 330 289 383 Lll
672 329 950 381 PROLEGOMENA.

241 489 452 557 Horatianam
481 491 672 577 elegantiam
701 512 770 556 esse
797 491 933 575 putabat
956 489 1160 574 elocutionis,
1188 491 1243 557 sed
1266 493 1390 577 optimo

242 603 372 664 auctore
404 598 439 663 in
470 599 516 663 eis
550 619 630 682 quae
663 597 702 662 de
728 595 858 662 Valerio
890 595 1010 663 Catone
1041 597 1191 682 protulit:
1223 598 1390 683 probabile

242 704 370 770 uidetur
392 727 465 770 eum
488 703 588 769 libros
612 702 742 770 Catonis
765 704 867 788 ipsius
891 726 970 788 quos
994 705 1135 790 appellat
1155 701 1328 770 Suetonius
1352 707 1391 771 de
1496 731 1502 740 ·

242 833 374 898 gramm.
396 813 436 877 11
456 812 489 877 in
514 811 631 895 quibus
655 811 693 876 de
716 811 855 896 pueritia
872 833 931 876 sua
948 813 1057 897 egerat
1076 811 1259 897 inspexisse.
1297 810 1390 877 Vnde

242 919 470 1005 grammaticus
504 917 558 983 ille
590 917 745 983 didicerat
775 940 859 983 anno
891 919 957 984 fere
991 917 1122 1004 alapas,
1155 939 1218 1002 quo
1249 918 1390 1004 priorem

245 1029 425 1091 saturarum
443 1025 563 1091 librum
582 1024 681 1090 edidit
694 1024 857 1110 Horatius,
875 1024 910 1089 Ρ.
920 1024 1086 1090 Valerium
1106 1022 1259 1089 Catonem
1279 1025 1390 1091 incho-

242 1155 313 1199 asse
331 1133 505 1200 editionem
518 1131 636 1199 Lucilii
653 1154 782 1218 nouam,
800 1154 959 1219 pugnasse
978 1154 1050 1197 eum
1071 1136 1182 1198 contra
1199 1132 1389 1218 magistrum

242 1262 350 1320 suum,
387 1242 442 1326 qui
474 1241 551 1305 item
584 1239 710 1305 Lucilio
743 1238 940 1304 emendando
974 1261 1103 1324 operam
1135 1238 1271 1304 dederat.
1327 1238 1390 1317 Qui

241 1347 395 1433 magister
418 1347 475 1411 uix
498 1347 580 1411 alius
603 1349 731 1430 poterat
754 1366 823 1410 esse
846 1347 943 1428 atque
961 1342 1089 1409 Vettius
1109 1344 1164 1410 ille
1183 1344 1389 1411 Philodemus

242 1454 327 1538 apud
359 1475 454 1537 quem
486 1451 634 1518 Valerius
667 1449 745 1517 (lato
779 1451 953 1517 secundum
986 1447 1131 1516 Suetonii
1168 1453 1388 1518 testimonium

242 1557 374 1646 (testim.
392 1557 452 1647 40)
484 1558 682 1644 praedicauit
713 1580 781 1623 sese
814 1557 930 1623 Lucilii
962 1561 1085 1624 saturas
1117 1558 1243 1645 legisse.
1293 1558 1390 1626 Hunc

241 1667 485 1752 grammaticum
522 1666 662 1750 equitem
699 1665 736 1730 lt.
774 1665 873 1731 firisse
909 1664 994 1731 idem
1027 1665 1126 1730 tradit
1157 1670 1267 1753 poeta,
1303 1668 1388 1751 quod

242 1773 276 1839 in
304 1771 335 1838 G.
347 1772 464 1839 Lucilii
496 1773 613 1857 equitis
644 1771 796 1837 familiari
828 1794 895 1837 non
926 1771 1122 1837 mirabimur.
1174 1771 1259 1838 Nam
1292 1774 1390 1839 uerba

242 1879 541 1967 ‘grammaticorum
570 1879 714 1963 equitum
739 1878 960 1947 doctissimus'
983 1901 1049 1945 non
1071 1883 1212 1964 possunt·
1231 1881 1389 1965 pertinere

241 1986 281 2051 ad
306 1985 459 2052 Catonem
482 1986 614 2051 licentia
638 1983 762 2051 Sullani
785 1986 940 2071 temporis
963 1990 1094 2051 exutum
1117 1987 1326 2073 patrimonio,
1356 1989 1389 2053 in

242 2114 368 2158 summa
390 2094 542 2179 pauperie
566 2098 599 2158 et
621 2114 721 2178 paene
745 2094 854 2179 inopia
877 2094 933 2177 qui
956 2094 996 2158 ad
1015 2113 1173 2159 summam
1192 2098 1388 2160 senectutem

241 2200 359 2264 uixerit
381 2197 525 2287 (Sueten.
550 2199 589 2264 de
612 2220 744 2285 gramm.
766 2198 831 2286 11).

331 2305 465 2373 Poetam
502 2311 534 2372 et
570 2329 645 2372 uere
676 2307 827 2372 Latinum
860 2312 892 2372 et
922 2306 1016 2373 Latio
1049 2307 1219 2373 oriundum
1251 2313 1284 2374 et
1315 2331 1389 2374 uere

241 2412 374 2479 Latinae
392 2436 527 2499 poeseos
546 2418 708 2480 auctorem
727 2418 853 2499 praeter
871 2434 925 2479 eos
945 2434 1025 2499 quos
1040 2414 1136 2479 modo
1150 2415 1389 2481 nominauimus

241 2522 466 2607 grammaticos
495 2522 589 2587 multi
615 2525 792 2588 tractarunt
814 2521 877 2587 uiri
900 2521 987 2587 docti
1010 2521 1128 2587 saeculi
1150 2545 1176 2587 a.
1197 2520 1253 2587 ch.
1272 2523 1387 2588 ultimi.

241 2626 400 2693 Memorat
431 2626 604 2695 Suetonius
637 2627 785 2694 Curtium
812 2627 941 2694 Niciam
973 2627 1218 2715 grammaticum
1250 2627 1388 2694 Aristar-

241 2736 356 2801 cheum
375 2739 407 2800 et
426 2736 460 2801 in
477 2733 604 2801 Graecis
623 2740 656 2801 et
673 2736 708 2800 in
721 2734 846 2800 Latinis
865 2735 1075 2820 scriptoribus
1094 2739 1257 2801 uersatum
1277 2735 1388 2802 ‘libros

242 2841 280 2906 de
311 2842 454 2909 Lucilio’
487 2843 707 2929 composuisse
739 2842 790 2922 (de
813 2864 946 2929 gramm.
968 2841 1023 2908 14:
1052 2843 1168 2907 testim.
1188 2839 1260 2929 42):
1293 2863 1387 2927 quem

242 2948 374 3014 titulum
397 2954 529 3035 apparet
548 2949 652 3036 magis
671 2949 810 3016 indicare
829 2949 934 3015 studia
953 2949 992 3014 de
1011 2971 1127 3036 genere
1145 2970 1278 3034 poeseos
1296 2948 1388 3016 Luci·

241 3054 345 3122 lianae
363 3061 396 3121 et
414 3057 547 3143 origine,
567 3049 842 3141 qualia'Horatius
857 3057 988 3122 exhibet
1006 3079 1098 3122 serm.
1113 3055 1164 3121 14
1179 3060 1211 3121 et
1227 3055 1277 3141 10,
1292 3079 1387 3141 quam

242 3165 470 3248 glossematum
497 3163 729 3228 enarrationem
754 3167 786 3228 et
810 3163 1041 3248 collectionem,
1066 3164 1173 3248 qualia
1196 3164 1389 3249 glossemata

241 3270 361 3353 passim
384 3271 537 3356 leguntur
560 3270 594 3334 in
612 3268 768 3335 Varronis
790 3268 883 3335 libris
905 3275 938 3335 et
955 3271 1042 3356 apud
1059 3270 1191 3335 Festum
1209 3268 1265 3333 ubi
1285 3266 1387 3335 curtii

242 3397 360 3441 nomen
386 3398 544 3460 nusquam
573 3376 743 3443 inuenitur.
790 3376 894 3455 Quare
922 3377 949 3442 ei
977 3377 1062 3442 idem
1087 3375 1259 3443 Suetonius
1282 3374 1301 3439 l.
1322 3398 1346 3441 s.
1365 3399 1387 3441 s.

179 3512 231 3541 nra
244 3481 341 3546 tradit
369 3487 514 3548 Santram
545 3483 771 3569 comprobasse
798 3484 885 3549 illius
911 3483 1012 3550 libros
1039 3485 1078 3549 de
1105 3482 1244 3567 Lucilio,
1275 3483 1388 3567 proba-

163 4266 230 4306 Varro

195 4504 211 4521 7,
228 4506 235 4517 '

193 4533 232 4557 r''·

207 4562 226 4575 ¹·

213 4591 219 4600 a

241 3588 339 3653 bilius
363 3592 412 3654 est
434 3589 487 3675 agi
510 3588 548 3653 de
570 3589 663 3654 libris
686 3587 828 3675 Santrae,
857 3611 937 3673 quos
960 3589 999 3653 de
1022 3590 1091 3655 uita
1112 3594 1280 3675 poetarum
1303 3589 1388 3654 Lati·

242 3717 361 3761 norum·
372 3696 500 3780 scripsit
514 3719 610 3781 quam
629 3697 668 3761 de
686 3697 827 3761 eiusdem
842 3697 1044 3782 grammatici
1057 3696 1149 3761 libris
1163 3695 1202 3761 de
1215 3696 1387 3762 uerborum

243 3803 443 3888 antiquitate,
466 3805 522 3888 qui
545 3802 631 3888 apud
648 3803 780 3869 Festum
799 3803 998 3869 adhibentur.
1045 3802 1158 3887 Neque
1177 3808 1284 3869 tamen
1303 3804 1388 3868 idem

242 3910 470 3996 grammaticus
503 3913 626 3998 glossas
656 3909 773 3975 Lucilii
804 3910 913 3996 potuit
943 3911 1113 3997 neglegere
1144 3910 1179 3975 in
1209 3911 1272 3975 hoc
1303 3911 1387 3975 libro

242 4039 345 4102 neque
368 4017 424 4082 alii
442 4016 652 4103 neglexerumt
669 4017 733 4082 uiri
751 4017 837 4082 docti
855 4019 909 4082 uel
925 4017 1055 4104 linguae
1073 4019 1218 4083 uetustae
1237 4018 1291 4082 uel
1308 4018 1389 4084 anti-

243 4125 403 4208 quitatum
427 4147 456 4209 p.
476 4124 513 4189 R.
548 4123 683 4188 studiosi
716 4124 818 4189 ueluti
850 4125 889 4189 ad
917 4124 1034 4190 Lucilii
1061 4125 1160 4191 uerba
1187 4125 1386 4209 ‘quadrantis

242 4231 344 4296 ratiti'
369 4232 493 4317 (incert.
512 4253 543 4294 u.
564 4227 666 4317 1272)
690 4252 770 4315 quae
789 4230 893 4297 Varro
918 4235 1045 4297 enarrat
1068 4232 1107 4296 de
1129 4231 1149 4296 l.
1169 4230 1238 4297 Lat.
1257 4230 1289 4297 V
1306 4231 1351 4297 44
1369 4255 1388 4297 a

242 4336 338 4402 Festo
361 4335 391 4422 p
406 4337 471 4402 274
480 4337 523 4402 M.
542 4336 730 4402 adferuntur
753 4336 953 4425 Tarqg<tie>
971 4336 1113 4423 Op<ci>ii
1131 4337 1268 4403 Antonii
1291 4338 1387 4404 inter-

240 4447 447 4538 pretamenta.
494 4442 676 4529 Collegerat
702 4444 931 4530 grammaticus
955 4445 1085 4529 quidam
1108 4446 1244 4531 glossas,
1270 4445 1387 4530 quibus
