3052 5024
583 271 862 353 111111111111
1210 299 1297 354 XLIX

146 462 185 529 A.
195 463 400 528 Postumium
418 458 574 526 Albinum
595 462 688 526 illum
707 463 838 527 fratrem
861 468 893 527 et
911 463 1054 548 legatum
1074 461 1128 548 Sp.
1137 462 1297 529 Postumii

147 592 209 636 cos.
234 567 395 655 644s110,
423 591 518 654 quem
546 592 631 635 anno
660 568 809 655 645s109
832 567 989 656 Iugurtha
1021 570 1106 655 apud
1134 568 1297 636 Calamam

147 676 260 742 urbem
285 675 445 742 thesauris
472 675 570 762 regiis
598 677 645 741 ibi
668 677 805 742 conditis
829 677 1006 742 inhiantem
1028 677 1113 742 bello
1138 679 1297 763 oppressit

147 781 252 872 (Oros.
268 782 299 847 V
315 781 366 867 15,
381 782 401 847 6
417 781 545 847 Sallust.
564 780 709 870 Iugurth.
725 783 766 848 37
783 787 892 872 seqq),
911 784 1086 850 exercitum
1107 783 1166 851 sub
1184 786 1297 872 iugum

148 891 250 957 misit:
274 887 350 955 ‘Sed
372 888 429 954 ubi
448 911 486 953 11
503 888 626 955 Romae
645 895 809 975 comperta
827 895 910 978 sunt,
934 897 1038 958 metus
1059 896 1155 976 atque
1173 914 1298 958 maeror

148 999 313 1063 ciuitatem
350 997 503 1062 inuasere.
563 996 641 1064 Pars
678 998 785 1064 dolere
817 1021 876 1084 pro
913 999 1017 1086 gloria
1055 1000 1184 1085 imperi,
1224 1021 1298 1084 pars

147 1104 279 1171 insolita
309 1127 417 1169 rerum
450 1104 637 1170 bellicarum
669 1106 782 1171 timere
813 1106 971 1192 libertati,
1000 1104 1085 1171 Aulo
1115 1129 1224 1173 omnes
1253 1108 1298 1171 in·

148 1211 237 1297 festi,
269 1232 306 1277 ac
338 1232 487 1275 maxume
519 1213 578 1296 qui
607 1211 693 1277 bello
726 1235 820 1298 saepe
851 1213 1006 1297 praeclari
1037 1214 1177 1297 fuerant,
1211 1213 1299 1297 quod

148 1322 289 1385 armatus
322 1318 474 1384 dedecore
506 1320 616 1403 potius
649 1342 745 1404 quom
779 1342 875 1384 manu
912 1319 1048 1385 salutem
1085 1320 1297 1404 quaesiueret?

151 1423 451 1514 (81111111139).
499 1424 613 1502 Quare·
627 1427 748 1512 scripta
770 1427 849 1491 haec
872 1448 941 1491 esse
964 1449 983 1490 1
1004 1425 1130 1492 Lucilio
1159 1431 1299 1494 statuen-

149 1535 225 1599 dum
249 1533 310 1598 erit
333 1553 416 1597 anno
440 1534 506 1597 fere
530 1532 671 1619 645s109
694 1532 915 1618 ue1646s108.
961 1531 1090 1598 Tribus
1112 1535 1193 1600 illud
1215 1535 1300 1622 frag-

149 1645 293 1707 mentum
320 1640 404 1705 libro
428 1637 524 1704 XVII
547 1638 704 1726 Corpetus
732 1641 805 1706 edit.
829 1664 860 1725 p.
875 1641 940 1705 222
968 1642 1072 1728 magis
1102 1642 1299 1708 diuinatione

149 1771 227 1815 usus
243 1770 338 1833 quam
353 1746 605 1813 ratiocinatione.
637 1745 683 1813 At
697 1748 878 1833 expositum
894 1752 943 1813 est
956 1748 996 1813 ad
1009 1745 1104 1812 XVII
1118 1773 1147 1814 1.
1163 1748 1229 1815 550
1235 1772 1298 1834 seq.

149 1856 268 1921 ‘cetera
295 1853 472 1920 contemnit
499 1858 532 1919 et
558 1855 592 1918 in
615 1877 712 1920 usura
735 1855 844 1919 omnia
865 1855 959 1940 ponit
980 1876 1047 1921 non
1069 1878 1199 1942 magna:
1226 1879 1299 1941 pro-

149 1963 257 2048 prium
289 1983 366 2026 uero
398 1960 447 2025 nil
477 1961 639 2025 neminem
671 1961 805 2026 habere'
836 1961 916 2026 haec
948 1962 1045 2026 uerbo
1076 1966 1204 2047 sumpta
1231 1985 1298 2028 esso

149 2092 190 2134 ex
216 2069 362 2133 uberiore
390 2069 429 2132 de
457 2066 587 2133 uirtutis
616 2071 731 2132 1111111
753 2069 962 2152 expositione.
1008 2066 1101 2133 Vnde
1125 2091 1200 2134 sane
1227 2092 1299 2154 pro-

150 2176 300 2241 babiliter
321 2175 399 2240 huio
420 2175 503 2240 libro
528 2175 608 2240 illud
632 2175 753 2241 tribuas
775 2175 1001 2262 fragmentum.
1047 2175 1140 2253 Quod
1164 2176 1298 2242 sirecte

151 2283 330 2367 statuimus,
354 2283 494 2367 scriptus
517 2286 566 2347 est
588 2283 643 2348 ille
665 2283 748 2348 liber
771 2305 853 2348 anno
877 2283 944 2348 fere
967 2282 1115 2368 646s108.

238 2389 380 2457 Desiisse
416 2393 545 2474 poetam
578 2393 700 2455 saturas
733 2389 870 2456 scribere
903 2412 986 2455 anno
1019 2389 1168 2475 649s105
1202 2415 1298 2512 supra
1311 2461 1342 2501 De
1355 2464 1445 2511 ,mm

152 2495 321 2563 statuimus
344 2520 375 2581 p.
394 2494 510 2560 XXVI.
560 2494 654 2561 Vnde
677 2497 816 2561 efficitur
838 2500 874 2561 ut
896 2497 978 2561 libro
1002 2496 1064 2561 XX
1087 2501 1119 2562 et
1141 2495 1218 2561 XXI
1242 2521 1298 2582 qur
1331 2517 1433 2555 scrin

150 2604 288 2689 perierat
326 2607 470 2688 tempore
506 2601 662 2668 Hadriani
697 2599 899 2688 imperatoris
935 2626 973 2668 ea
1008 2604 1128 2668 fuerint
1163 2609 1299 2690 narrata,

152 2734 232 2795 quae
252 2710 397 2776 omnium
416 2710 591 2775 nouissima
610 2714 735 2776 constat
753 2714 888 2776 tractata
905 2711 1004 2776 111111
1018 2734 1037 2775 1
1049 2715 1153 2796 poeta.
1190 2710 1298 2797 Atque

151 2819 250 2883 tradit
280 2816 390 2883 Cicero
422 2816 512 2882 Brut.
542 2816 606 2881 160
639 2817 677 2882 de
710 2815 823 2883 Crasso
856 2821 981 2882 oratore
1014 2816 1153 2883 ‘Multae
1186 2819 1298 2884 deinde

153 2946 277 2991 causae:
306 2926 361 2990 sed
388 2926 434 2989 ita
461 2923 578 2990 tacitus
606 2923 801 3010 tribunatus,
828 2929 865 2990 11
891 2923 954 2990 nisi
982 2925 1016 2990 in
1043 2947 1080 2990 eo
1108 2927 1300 3012 magistratu

152 3033 330 3097 cenauisset
349 3031 433 3116 apud
451 3052 642 3116 praeconem
658 3028 811 3097 (tranium
825 3033 921 3116 idque
935 3032 1029 3097 nobis
1043 3033 1092 3098 bis
1106 3034 1300 3099 narrauisset

152 3139 304 3223 Lucilius,
327 3139 491 3203 tribunum
514 3137 619 3223 plebis
642 3139 836 3204 nesciremus
859 3139 978 3204 fuisse'.
1024 3138 1073 3204 De
1096 3162 1179 3205 anno
1202 3140 1298 3205 huius

152 3246 335 3310 tribunatus
359 3244 498 3330 6471107
523 3249 650 3310 constat
673 3246 856 3312 testimonio
881 3244 944 3312 Cic.
964 3244 1052 3311 Brut.
1075 3247 1145 3311 161.
1191 3243 1299 3331 Atque

153 3352 181 3417 si
205 3352 388 3438 quaerimus
413 3374 476 3437 quo
500 3353 534 3416 in
556 3351 641 3417 libro
664 3353 721 3418 illa
744 3375 823 3418 ceno
844 3353 943 3418 fuerit
961 3354 1128 3439 descripta,
1150 3355 1233 3419 nihil
1251 3360 1300 3422 est

152 3459 353 3545 probabilius
382 3480 478 3543 quam
506 3481 523 3524 e
550 3459 634 3524 libro
653 3458 715 3523 XX
747 3463 873 3525 seruata
903 3458 997 3525 nobis
1025 3482 1093 3526 esse
1121 3461 1300 3548 fragmenta

153 3586 248 3631 cenae
276 3564 394 3632 Cranii.
439 3563 524 3632 Nam
551 3565 650 3632 homo
678 3566 732 3630 ille
761 3566 817 3649 qui
843 3565 938 3631 modo
968 3567 1097 3651 publice
1121 3568 1242 3652 aliquid
1265 3569 1300 3633 in

152 3675 224 3759 lege
244 3671 417 3758 Calpurnia
438 3671 688 3757 repetundarum
712 3695 745 3737 se
767 3672 1008 3758 reprehendisse
1030 3674 1129 3739 iactat
1152 3672 1195 3762 (u.
1210 3674 1299 3762 573),

153 3778 247 3845 facile
274 3778 473 3866 intellegitur
500 3783 609 3844 orator
635 3778 670 3843 L.
680 3778 823 3844 Licinius
853 3778 984 3846 Crassus
1011 3781 1159 3846 tribunus
1186 3782 1299 3867 plebis,

154 3885 209 3968 qui
242 3907 325 3950 anno
353 3886 541 3970 insequente
567 3887 672 3972 legem
700 3887 898 3951 iudiciariam
926 3885 1102 3963 1181111111
1130 3888 1299 3973 Caepionis

154 3991 255 4057 suasit
281 3993 460 4058 nobilitatis
488 3993 545 4059 illo
573 3997 717 4077 ternpore
746 3993 853 4058 fautor
885 3991 964 4080 (Clo.
983 3992 1073 4059 Brut.
1092 3996 1112 4059 l.
1132 4017 1155 4060 s.
1175 3994 1228 4082 s.):
1260 3997 1299 4061 de

152 4100 284 4184 reliquis
312 4100 387 4165 uide
415 4100 679 4166 commentarium
708 4092 748 4165 ad
774 4101 850 4165 libri
872 4099 933 4164 XX
960 4123 1072 4167 uersus
1102 4103 1297 4187 superst'tes.

154 4205 333 4291 suspiceris
361 4207 496 4291 denique
523 4208 607 4273 libro
625 4205 703 4271 XXI
730 4206 862 4272 eandem
889 4231 957 4273 rem
984 4209 1100 4274 iterum
1129 4231 1147 4273 1
1174 4209 1298 4275 Lucilio

153 4336 222 4379 esse
240 4317 401 4378 narratam
420 4314 491 4379 ideo
512 4313 597 4398 quod
611 4311 765 4380 Horatius
785 4337 875 4381 serm.
894 4313 960 4379 118
982 4338 1045 4399 qua
1062 4318 1170 4381 satura
1191 4322 1298 4401 aperte

154 4418 243 4508 (uide
262 4420 302 4484 ad
319 4419 380 4485 XX
399 4419 529 4509 1568)
551 4420 711 4486 Lucilium
734 4426 784 4487 est
805 4422 961 4507 imitatus,
994 4422 1107 4487 similis
1130 4445 1225 4489 cenae
1248 4423 1297 4488 de·
1379 4480 1381 4485 4
1431 4482 1433 4486 ⁴

207 4533 293 4575 Lucilli
306 4535 355 4575 rell.
370 4535 403 4575 ed.
419 4535 500 4575 Marx.
1068 4527 1085 4579 d
