3052 5024
235 332 299 386 VIII
621 332 852 383 CONSPECTUS
872 332 1007 383 OPERIS.

239 495 266 563 2)
285 490 470 546 Grammatici
489 491 537 561 qui
555 490 658 544 Lucilii
676 506 774 544 uersus
793 490 925 544 adferunt
943 508 971 558 p.
985 489 1046 543 LXI
1061 507 1136 559 seqq.
1171 489 1260 543 Varro
1274 507 1301 559 p.
1317 489 1386 544 LXI.

235 581 350 636 Verrius
372 600 400 651 p.
420 581 493 634 LXII
517 597 593 650 seqq.
613 579 721 634 Plinius
744 598 771 650 p.
791 579 886 634 LXIV.
923 578 1013 649 Caper
1035 598 1062 649 p.
1078 578 1152 633 LXV
1170 595 1246 647 seqq.
1278 579 1386 632 Probus

237 689 264 741 p.
279 670 379 724 LXXII
402 687 478 739 seqq.
524 669 585 735 Qua
612 669 722 724 ratIone
749 669 928 741 grammatici
955 670 1116 739 discrepent
1142 669 1172 722 in
1200 667 1308 722 Lucilio
1337 669 1385 722 ad-

236 760 353 815 ferendo
385 778 412 829 p.
431 758 531 813 LXXV
559 776 634 830 seqq.
681 758 836 829 Porphyrio
868 777 895 828 p.
917 757 1036 813 LXXVI.
1084 757 1191 813 Gellius
1223 776 1250 827 p.
1265 757 1384 812 LXXVI.

236 848 389 904 Caesellius
403 848 517 903 Vindex
530 867 557 918 p.
572 847 705 903 LXXVII.
739 847 847 902 Nonius
862 866 888 918 p.
904 847 1042 902 LXXVIII
1057 864 1132 918 seqq.
1166 847 1207 901 De
1223 847 1295 902 libro
1310 846 1386 902 XXX

240 938 338 993 cucur
365 957 392 1008 p.
417 938 484 993 cu.
530 938 571 992 oe
603 936 700 992 maris
729 938 758 992 st
785 939 950 1008 argumento
977 936 1026 991 us.
1047 922 1137 990 xxix
1167 954 1195 1006 p.
1217 935 1297 991 our.
1343 936 1386 990 oe

238 1028 426 1098 amplitudine
449 1030 608 1082 saturarum
631 1025 733 1080 Lucilii
756 1045 783 1095 p.
799 1024 865 1081 CXI.
902 1027 944 1081 De
967 1025 1040 1081 libro
1063 1025 1178 1080 XXVIII
1196 1045 1223 1096 p.
1238 1024 1305 1081 CXI.
1342 1026 1384 1081 De

235 1116 302 1171 libri
324 1116 428 1171 XXVII
450 1119 480 1172 et
497 1116 588 1170 XXVI
610 1114 783 1185 argumentis
806 1133 832 1184 p.
849 1114 928 1170 CXII.
966 1118 993 1186 3)
1015 1115 1058 1170 De
1080 1115 1239 1170 rhetoribus
1262 1135 1289 1185 p.
1304 1114 1384 1170 CXII.

234 1206 277 1260 De
301 1205 387 1260 Nonii
415 1205 559 1260 codicibus
588 1209 617 1260 et
644 1203 816 1265 ediiionibus
840 1223 867 1274 p.
883 1204 975 1260 CXIII.
1016 1204 1059 1259 De
1083 1204 1185 1259 Lucilii
1213 1205 1385 1260 editionibus

235 1314 262 1365 p.
278 1293 358 1350 CXV.
396 1294 438 1349 De
465 1295 545 1364 poesi
567 1293 670 1347 Lucilii
698 1293 805 1348 iudicIa
831 1312 858 1363 p.
881 1292 986 1348 CXVII.
1028 1293 1070 1349 De
1098 1293 1256 1350 elocutione
1283 1294 1386 1349 Lucilii
1435 1296 1438 1301 ’

235 1403 262 1453 p.
278 1382 396 1438 CXVIII.
434 1382 647 1438 Testimonia
666 1383 706 1437 de
725 1386 844 1438 satura
861 1402 889 1453 p.
905 1382 977 1438 CXX
995 1399 1072 1453 seqq.
1110 1383 1322 1438 Testimonia
1345 1384 1385 1438 de

235 1472 365 1527 Lucilii
383 1473 458 1527 uita
477 1475 511 1528 et
528 1472 626 1542 poesi
639 1491 666 1542 p.
682 1472 781 1528 CXXV
795 1488 870 1542 seqq.
904 1473 1000 1527 Fasti
1018 1472 1192 1527 Luciliani
1211 1492 1237 1542 p.
1253 1472 1384 1527 CXXXV.

236 1561 428 1616 Carminum
459 1561 632 1630 reliquiae
664 1579 691 1630 p.
717 1566 811 1615 1-95.
858 1561 962 1616 Index
993 1563 1164 1617 nominum
1195 1581 1222 1632 p.
1246 1567 1279 1616 96
1307 1578 1383 1631 seqq.

235 1651 340 1704 Index
354 1653 533 1705 auctorum
547 1670 574 1721 p.
586 1655 645 1705 100.
673 1650 780 1705 Index
801 1651 981 1705 uerborum
995 1651 1195 1706 Latinorum
1208 1670 1234 1721 p.
1245 1657 1295 1705 101
1307 1668 1383 1720 seqq.

236 1741 343 1795 Verba
370 1741 556 1811 peregrina
578 1760 606 1811 p.
627 1745 677 1794 156
702 1757 778 1810 seqq.
820 1740 924 1795 Index
951 1741 1196 1811 grammaticus
1219 1740 1384 1794 metricus

235 1846 345 1884 rerum
363 1829 638 1885 memorabilium
658 1849 685 1901 p.
702 1835 753 1884 160
773 1847 842 1898 seqq
