3052 5024
229 307 334 364 XXXII
662 305 941 359 PROLEGOMENA.

230 470 418 557 Caprarium
441 470 564 537 laesum
587 491 657 535 esse
680 470 789 555 potius
812 469 846 534 in
868 467 961 532 libris
980 467 1090 533 ordine
1108 466 1280 552 prioribus,
1303 467 1379 551 quia

228 579 410 666 fragmenta
437 600 518 663 quae
545 576 586 642 ad
614 575 705 642 illum
733 577 915 642 referuntur
941 598 960 639 a
987 574 1102 657 doctis,
1134 574 1169 638 in
1195 571 1286 638 libris
1313 574 1378 639 illis

157 707 159 710 ’
229 686 445 752 inueniuntur.
487 682 532 749 At
550 683 585 748 in
603 684 648 750 eis
666 683 768 767 libris,
791 704 872 767 quos
891 680 1000 767 Scipio
1019 681 1112 764 uidit
1134 679 1379 746 Macedonicum

228 793 335 878 ipsum
367 816 386 857 a
412 790 537 857 Lucilio
570 811 638 856 esse
670 791 862 877 castigatum
895 788 935 854 ad
964 812 995 853 u.
1024 787 1065 852 72
1093 787 1177 853 idem
1206 786 1379 853 scholiasta

229 903 314 965 certe
336 899 488 964 hocloco
508 897 711 964 doctissimus
730 935 774 944 —
791 918 866 963 nam
885 895 974 961 illam
994 895 1032 960 de
1049 894 1174 959 Lucilio
1194 892 1378 978 Scipionem

229 1028 347 1092 mappa
369 1005 503 1071 ferituro
526 1004 798 1071 narratiunculam
818 1002 950 1092 (testim.
970 999 1027 1089 28)
1046 1002 1168 1089 fingere
1186 1023 1252 1067 non
1270 1000 1380 1087 potuIt

228 1111 322 1202 (conf
332 1112 395 1179 cie.
411 1113 450 1179 de
469 1135 513 1200 or.
527 1111 560 1179 Π
575 1109 632 1199 22)
651 1150 696 1160 -
713 1112 812 1178 tradit
828 1110 881 1175 his
900 1108 1020 1176 uerbis:
1044 1106 1212 1174 ‘Caecilius
1226 1106 1378 1174 Metellus

228 1219 413 1286 consularis.
467 1218 532 1284 Hic
563 1220 671 1303 <ΙΙΙ>
706 1219 792 1284 filios
830 1216 1011 1284 consulares
1047 1216 1130 1281 uidit
1162 1219 1195 1280 et
1226 1216 1265 1281 ab
1298 1215 1378 1301 ipsis

228 1329 331 1394 elatus
364 1331 413 1393 est
432 1378 438 1391 .
454 1377 460 1391 .
476 1378 482 1390 .
501 1325 621 1392 Potens
653 1325 717 1391 fuit
743 1324 944 1410 temporibus
972 1321 1133 1407 Scipionis
1161 1320 1306 1389 Africani
1326 1375 1377 1388 ...

228 1433 372 1499 Lucilius
402 1456 476 1498 eum
503 1434 538 1497 in
565 1433 701 1519 gratiam
730 1430 892 1516 Scipionis
920 1430 1059 1515 carpsit’.
1108 1427 1195 1496 Ante
1221 1430 1305 1513 [ilios
1331 1432 1378 1496 in-

228 1541 314 1606 serui
341 1540 416 1624 III,
443 1540 523 1605 conf
543 1536 606 1604 cie.
631 1540 669 1605 de
692 1539 745 1604 fin.
768 1538 800 1604 V
814 1538 858 1604 82
881 1537 930 1615 Ὁ.
939 1537 1090 1603 Metellus
1118 1537 1174 1622 qui
1201 1540 1268 1603 tres
1292 1536 1377 1604 filios

228 1647 375 1712 consides
394 1647 497 1712 uidit.
514 1696 520 1710 .
536 1649 707 1731 ‚quartum
726 1649 834 1711 autem
854 1645 1047 1730 praetorem’
1065 1667 1090 1710 e.
1106 1666 1135 1729 q.
1151 1665 1174 1710 s.
1187 1681 1195 1695 ·
1207 1642 1278 1708 Val.
1292 1642 1378 1709 Max.

228 1751 291 1818 VH
308 1753 369 1838 1,1
393 1749 576 1841 ‘(Fortuna)
595 1753 671 1819 fecit
689 1757 727 1818 ut
745 1751 795 1840 (Q.
804 1750 960 1818 Caecilius
973 1749 1123 1817 Metellus
1137 1748 1376 1839 Macedonicus)

229 1859 341 1925 eodem
373 1862 518 1945 tempore
550 1863 615 1925 tres
646 1859 733 1926 filios
764 1861 948 1925 consulares
1047 1863 1080 1923 et
1111 1861 1260 1942 quartum
1287 1879 1377 1943 prae-

228 1966 348 2032 torium
371 1965 507 2032 uideret'
531 1963 630 2052 (Plut.
654 1964 692 2030 de
715 1965 788 2031 fort.
808 1964 901 2030 Rom.
922 1964 944 2029 4
966 1986 996 2048 p.
1011 1963 1109 2029 3180
1132 1963 1215 2030 Plin.
1233 1961 1376 2029 v11142

229 2069 313 2137 Vell.
340 2070 357 2136 1
383 2072 422 2137 11
457 2069 521 2139 (iic.
549 2072 690 2157 Philipp.
718 2070 798 2137 VIII
817 2071 859 2136 14
886 2070 977 2137 Brut.
1006 2071 1058 2136 81.
1077 2068 1166 2158 212).
1216 2069 1376 2155 Scipionis

227 2178 446 2244 aduersarium
474 2201 547 2245 eum
574 2178 673 2244 trisse
698 2179 830 2244 tradunt
854 2176 916 2244 cre.
940 2178 979 2244 de
1000 2199 1067 2263 rep.
1089 2176 1160 2243 131
1187 2178 1225 2244 de
1248 2201 1308 2245 am.
1334 2176 1374 2242 77

228 2284 268 2350 de
286 2285 339 2351 off.
357 2283 374 2350 I
389 2285 430 2350 87
450 2283 521 2351 Val.
540 2285 623 2351 Max.
642 2283 792 2370 1v1,12
812 2284 925 2370 [Plut]
944 2285 1076 2371 apopth.
1094 2284 1218 2351 Metelli
1237 2286 1266 2352 3.
1308 2285 1377 2353 Neo

225 2390 370 2457 Lucilius
398 2413 462 2476 qua
488 2391 552 2457 fuit
573 2393 695 2480 ingenii
717 2397 833 2459 natura
855 2391 1022 2458 Metellum
1044 2391 1287 2460 Macedonicum
1310 2414 1377 2459 non

225 2495 351 2563 laedere
381 2499 497 2583 potuit.
552 2499 685 2565 Librum
712 2498 822 2565 XXVI
853 2520 938 2566 anno
971 2497 1118 2584 6231131
1152 2500 1274 2566 editum
1306 2522 1375 2566 esse

225 2605 333 2690 posui:
358 2606 446 2690 quod
464 2607 492 2672 si
510 2607 720 2673 obseruamus
738 2606 841 2673 multo
860 2607 964 2672 maius
983 2607 1108 2692 pondus
1127 2608 1211 2673 inest
1229 2608 1374 2692 profecto

226 2712 375 2777 omnibus
398 2713 475 2778 libri
497 2714 585 2780 illius
604 2714 760 2798 uersibus,
783 2713 900 2799 quibus
919 2715 958 2779 de
976 2736 1113 2781 uxorum
1132 2715 1288 2782 molestiis
1307 2715 1361 2802 agi

225 2821 334 2903 poeta,
356 2820 528 2906 praecipue
550 2821 616 2887 illis
639 2819 728 2908 (618.
752 2818 832 2908 679)

313 2925 461 2991 homines
484 2926 547 3011 ipsi
569 2926 654 2993 hano
676 2927 739 2992 sibi
761 2927 942 2993 molestiam
965 2929 1051 2994 ultro
1074 2932 1171 3012 atque
1189 2950 1374 2995 aerumnam

1138 3036 1285 3120 offerunt,

315 3138 436 3205 ducunt
459 3161 585 3225 uxores,
607 3141 798 3226 producunt,
821 3141 939 3226 quibus
961 3144 1041 3208 haec
1062 3142 1193 3227 faciant,
1214 3142 1341 3208 liberos.

225 3242 472 3312 Animaduertas
496 3247 595 3332 enim,
624 3246 867 3315 Macedonicum
890 3249 983 3316 illum
1007 3271 1171 3317 censorem
1194 3271 1278 3315 enno
1301 3250 1373 3336 ipso

225 3350 373 3437 6231131
399 3353 573 3438 censuisse,
601 3354 650 3420 ‘ut
673 3360 864 3443 cogerentur
886 3378 997 3423 omnes
1021 3358 1134 3423 ducere
1157 3377 1274 3423 uxores
1295 3355 1374 3421 libe

225 3480 335 3524 rorum
360 3460 569 3527 creandorum
592 3462 697 3528 causa'
721 3467 760 3529 ut
780 3463 850 3530 Liu.
874 3486 940 3550 per.
963 3464 1006 3531 59
1029 3465 1140 3531 trudit:
1170 3465 1244 3530 dein
1266 3463 1374 3550 pergit

224 3563 353 3631 ‘Exstat
376 3567 478 3635 oratio
500 3569 567 3634 eius
586 3591 682 3653 quam
701 3569 868 3659 Augustus
888 3570 1013 3656 Caesar,
1036 3593 1110 3638 cum
1128 3573 1167 3637 de
1186 3570 1373 3637 maritandis

225 3671 390 3739 ordinibus
417 3680 540 3762 ageret,
566 3679 656 3743 uelut
683 3679 718 3744 in
743 3677 824 3744 haec
850 3682 997 3763 tempora
1023 3680 1176 3764 scriptam
1203 3678 1238 3744 in
1261 3681 1373 3743 senatu

223 3779 389 3846 recitauit'.
432 3779 518 3848 Suet.
537 3781 620 3872 Aug.
641 3784 682 3849 89
707 3785 834 3851 ‘Libros
857 3789 946 3852 totos
969 3790 1002 3852 et
1024 3787 1149 3852 senatui
1171 3786 1321 3854 recitauit
1341 3790 1373 3850 et

223 3885 344 3972 populo
367 3892 462 3954 notos
484 3911 543 3974 per
565 3890 705 3957 edictum
729 3912 822 3977 saepe
844 3893 937 3977 fecit,
959 3896 996 3958 ut
1019 3894 1179 3960 orationes
1203 3892 1239 3971 Q.
1248 3890 1372 3959 Metelli

223 3993 261 4058 de
275 3996 366 4079 prole
380 3996 546 4083 augenda'.
584 3994 663 4063 Gall.
677 3995 693 4062 l
708 3997 728 4061 6
743 3997 868 4066 ‘Multis
882 4003 915 4065 et
928 3999 1062 4066 eruditis
1075 4001 1155 4066 uiris
1169 4000 1372 4066 audientibus

222 4101 389 4189 legebatur
408 4104 511 4170 oratio
530 4103 653 4171 Metelli
671 4104 846 4191 Numidici,
868 4107 977 4193 grauis
995 4129 1032 4173 ao
1051 4108 1162 4175 diserti
1180 4107 1252 4191 uiri,
1275 4128 1371 4190 quam

222 4208 257 4272 in
289 4231 423 4276 censura
454 4208 553 4298 (anno
582 4209 746 4300 6521102)
779 4211 862 4278 dixit
891 4214 932 4279 ad
963 4217 1120 4301 populum
1153 4215 1192 4281 de
1220 4214 1372 4280 ducendis

221 4317 391 4401 uxoribus,
423 4339 496 4383 cum
529 4340 603 4383 eum
634 4318 675 4383 ad
707 4319 912 4386 matrimonia
942 4322 1136 4407 capessenda
1165 4320 1371 4388 hortaretur':

222 4422 278 4488 ubi
298 4420 438 4488 Gellium
458 4446 578 4490 errasse
597 4429 630 4490 et
647 4425 848 4492 Macedonici
866 4427 1069 4494 scribendum
1088 4451 1157 4496 esse
1176 4450 1371 4515 quamquam
