3082 5018
592 339 871 390 PROLEGOMENA.
1242 336 1313 392 CXV

163 500 296 584 protulit
316 500 387 565 199.
425 500 555 582 denique
572 522 631 584 pro
651 501 745 582 deque
767 486 848 564 983ss
878 500 1012 583 diliqitis
1030 521 1088 584 pro
1112 502 1221 583 1191111
1239 500 1312 564 991,

167 610 315 691 epitescat
338 629 397 692 pro
420 607 539 689 epifoai
563 606 636 672 908.
674 606 858 672 1111111111
881 629 939 691 pro
963 606 1083 672 aloehee
1106 607 1157 672 25.

253 713 370 779 Lucilii
402 713 583 800 fragmenta
614 714 738 798 primus
771 713 918 799 ‘collegit
953 714 1125 798 disposuit,
1157 717 1189 778 et
1219 719 1312 779 notas
1328 714 1357 754 ⁰⁶
1371 715 1455 808 iffi
1465 716 1526 754 ‘litt

165 822 288 886 addidit
319 820 508 885 Franciscus
541 818 610 884 Iani
635 820 656 883 f.
680 818 806 885 Dousa'
840 819 942 906 Lugd.
971 818 1040 885 Bat.
1067 819 1150 885 1597
1185 843 1249 905 qua
1280 825 1314 885 in

165 929 304 994 editione
328 947 397 992 sese
421 926 569 992 ‘consilio
598 949 634 991 11
662 927 779 991 iudicio
803 926 950 991 Parentis
973 927 1195 1011 potissimum’
1219 950 1314 993 usum

165 1059 234 1102 esse
262 1036 296 1100 in
323 1033 522 1119 praefatione
550 1034 750 1119 pronuntiat,
778 1055 932 1119 magnum
960 1031 1156 1119 Scaligerum
1186 1035 1314 1121 egregie
1329 1055 1353 1094 r.
1368 1055 1441 1094 1111

164 1143 269 1208 labori
287 1163 345 1207 suo
365 1140 483 1206 fauisse
502 1141 664 1224 gloriatur.
706 1139 750 1205 Et
774 1141 897 1226 optima
916 1162 1060 1223 quaeque
1079 1163 1160 1224 qnae
1179 1141 1315 1226 protulit

165 1272 231 1316 non
249 1248 420 1330 Francisci,
444 1253 499 1312 sad
517 1251 574 1312 aut
591 1247 661 1312 11111
680 1251 755 1312 sunt
773 1246 901 1313 Dousae
920 1252 975 1312 aut
995 1245 1158 1334 Scaligeri,
1178 1271 1315 1332 quorum

167 1358 309 1422 uirorum
341 1355 478 1420 eruditio
512 1355 642 1441 egregia
669 1355 704 1419 in
731 1355 959 1419 commentario
988 1355 1162 1420 utilissimo
1195 1354 1314 1439 ubique

166 1467 214 1528 est
241 1464 423 1547 conspicua.
468 1460 579 1548 Magni
607 1462 790 1526 etiamnunc
817 1461 913 1546 pretii
939 1460 1018 1527 haec
1046 1461 1143 1526 editio
1172 1463 1243 1527 ideo
1267 1465 1316 1527 est

165 1569 322 1653 habenda,
342 1570 428 1653 quod
446 1569 487 1632 ad
500 1569 618 1634 Lucilii
636 1590 747 1634 uersus
766 1568 821 1633 ille
840 1592 857 1633 1
876 1567 985 1634 codice
999 1568 1164 1653 deperdito
1180 1567 1315 1633 Charisii

167 1677 353 1743 Coloniensi
376 1673 464 1762 (uide
488 1675 527 1738 ad
550 1675 605 1740 lib.
625 1674 655 1738 V
674 1700 704 1740 n.
726 1676 789 1740 193
812 1675 858 1740 lX
876 1674 991 1739 11362
1014 1674 1061 1739 XI
1079 1700 1109 1740 u.
1128 1676 1313 1741 401-404,

166 1784 231 1848 426
255 1785 363 1848 incert.
383 1808 412 1848 n.
435 1783 521 1847 1294
535 1805 598 1866 seq.
626 1782 722 1848 huius
747 1780 911 1869 editionis)
937 1784 1125 1867 praecipuas
1149 1784 1315 1849 adnotauit

167 1892 340 1976 scripturas
360 1888 404 1976 (G
417 1889 443 1954 L
458 1888 474 1954 I
496 1913 526 1974 p.
541 1888 650 1954 XXIV
660 1888 770 1976 seqq).
816 1889 929 1976 Longo
954 1890 1124 1955 interuallo
1148 1891 1316 1956 interiecto
1331 1911 1356 1950 1.
1370 1911 1395 1949 r.
1409 1910 1509 1960 carpam

168 2000 283 2063 iterum
314 1997 415 2062 edidit
436 1996 598 2061 Lucilium
620 1995 658 2060 E.
672 1995 706 2059 F.
723 1995 879 2082 (impetus
906 1995 1038 2063 ‘Satires
1063 1998 1101 2061 de
1126 1996 1158 2062 0.
1173 1998 1317 2062 Lucilius

96 2160 102 2166 .
167 2104 357 2190 Fragments
386 2126 480 2169 rarus
509 2104 695 2190 augmentes
723 2104 859 2169 traduits
888 2103 1315 2169 1111111111Ῥ11111845.

135 2194 136 2197 Ἴ
168 2210 231 2288 Qui
254 2211 315 2276 etsi
337 2232 441 2295 neque
465 2211 500 2274 in
520 2210 661 2274 metricis
680 2224 784 2292 neque
805 2211 839 2274 in
857 2209 1020 2276 historicis
1038 2231 1142 2294 neque
1161 2211 1196 2276 in
1214 2231 1317 2296 gram·

169 2319 295 2383 maticis
318 2317 413 2382 rebus
437 2339 496 2401 par
518 2319 587 2381 1111
609 2316 686 2380 huic
709 2317 799 2401 operi
827 2321 989 2401 susceptu,
1017 2321 1125 2381 tamen
1153 2316 1255 2381 multa
1279 2338 1318 2381 ex

167 2425 258 2490 libris
291 2425 435 2488 uirorum
468 2423 635 2488 doctorum
668 2422 778 2488 sedulo
812 2423 943 2508 collegit
975 2424 1070 2508 plena
1102 2424 1258 2488 acuminis
1287 2432 1319 2487 et

168 2531 346 2613 doctrinae,
379 2532 448 2614 ipse
479 2528 635 2595 nonnulla
665 2530 785 2595 rectius
818 2530 986 2594 constituit
1016 2529 1194 2613 meliusque
1222 2530 1317 2595 inter-

168 2641 312 2724 pretatus
336 2641 394 2720 est,
417 2659 513 2721 quarn
537 2637 593 2720 qui
616 2659 688 2701 eum
712 2637 809 2700 nimis
827 2637 1037 2722 neglexerunt
1057 2637 1194 2701 aditores
1213 2641 1318 2722 poste·

168 2746 277 2810 riores.
324 2743 468 2821 Quorum
492 2745 526 2808 111
548 2765 681 2808 numero
706 2743 835 2829 ingenio
855 2747 887 2807 et
907 2743 1052 2808 doctrina
1070 2745 1167 2809 etiam
1186 2744 1319 2809 inferior

169 2856 237 2917 erat
252 2850 390 2937 Corpeto
405 2850 439 2916 F.
454 2849 493 2915 D.
509 2849 704 2933 Gerlachius,
724 2851 781 2935 qui
798 2850 960 2915 Lucilium
980 2851 1080 2915 edidit
1099 2850 1208 2917 Turici
1224 2852 1319 2937 1846,
1334 2873 1358 2913 a.
1368 2873 1394 2912 n.
1408 2873 1531 2913 111111

63 2991 64 2994 “
170 2959 316 3043 superior
340 2957 479 3043 Corpeto
503 2962 535 3024 et
559 2957 725 3024 Gerlachic
748 2957 910 3022 Lucienus
933 2956 1117 3043 Muellerus,
1141 2960 1196 3042 qni
1219 2958 1320 3024 edidit

170 3066 299 3151 Lipsiae
329 3065 414 3130 1872
444 3065 495 3130 Ὃ.
511 3065 617 3130 Lucili
645 3068 824 3130 saturarum
852 3063 1012 3149 reliquiae.
1065 3064 1261 3130 Emendauit
1287 3069 1320 3131 et

171 3173 340 3238 adnotauit
356 3172 518 3238 Lucienus
532 3171 689 3257 Mueller',
707 3177 841 3256 uterque
861 3175 893 3236 et
906 3171 1008 3237 Nonii
1026 3175 1058 3236 et
1071 3172 1190 3237 Lucilii
1208 3172 1319 3237 aditor.

170 3278 277 3364 Atque
310 3280 348 3368 de
375 3278 531 3345 Muellero
566 3283 598 3343 11
625 3279 726 3345 Nonii
756 3283 789 3344 et
815 3279 933 3345 Lucilii
966 3278 1086 3344 editore
1115 3280 1226 3364 paucis
1259 3280 1321 3344 erit

170 3386 348 3452 dicendum.
394 3385 564 3473 Ingenium
587 3387 692 3471 uelox,
715 3387 848 3452 andacia
866 3385 1001 3470 perdita,
1024 3407 1128 3451 sermo
1150 3390 1319 3470 promptus

171 3497 203 3557 et
229 3491 319 3557 Isaeo
353 3494 538 3560 torrentior:
570 3499 704 3580 propter
737 3493 825 3558 illam
858 3494 962 3578 ipsam
994 3494 1159 3559 andaciam
1190 3495 1319 3560 criticus
1333 3480 1447 3572 11ᾅῖᾗῖ

170 3620 285 3683 parum
304 3599 392 3682 felix,
410 3600 547 3685 denique
567 3604 740 3665 contumax
759 3594 1009 3666 contumeliosus
1029 3600 1196 3687 gloriosus.
1226 3599 1320 3665 ⁴Rem

171 3705 338 3770 metricam
356 3704 533 3771 hexametri
551 3706 660 3772 Latini
678 3707 760 3770 bane
778 3710 880 3789 norat,
900 3707 1055 3772 sermonis
1074 3708 1193 3772 ueteris
1212 3707 1321 3771 Latini

171 3811 274 3877 ueluti
296 3810 439 3876 Plautini
462 3836 577 3898 parum
600 3817 668 3878 erat
690 3813 813 3897 peritus
836 3836 939 3897 neque
967 3836 1017 3896 11,
1045 3836 1127 3898 quae
1150 3816 1218 3899 ipse
1242 3813 1318 3878 didi·

173 3921 260 3984 cerat
283 3919 317 3983 in
339 3919 457 3984 litteris
480 3919 605 3985 Latinis
629 3924 662 3984 et
681 3918 819 4005 Graecis,
841 3920 920 3984 talia
939 3925 1038 4004 erant,
1060 3925 1098 3986 ut
1117 3921 1321 4006 supersedere

172 4026 315 4110 potuerit
351 4025 467 4090 studiis
504 4026 642 4092 alierum
676 4048 756 4110 quae
788 4025 912 4092 solebat
944 4032 1153 4092 contemnere.
1208 4026 1322 4110 Itaque

113 4213 115 4217 ⁴
173 4155 254 4217 quae
281 4133 443 4217 praestitit
471 4134 506 4198 in
527 4133 653 4199 Lucilio
682 4135 710 4198 si
738 4156 897 4199 summam
925 4134 1128 4218 subduxeris,
1158 4155 1196 4198 ea
1218 4135 1321 4219 magis

172 4241 342 4306 meliorum
381 4241 528 4306 codicum
566 4245 598 4306 et
634 4241 812 4306 editionum
849 4263 946 4327 opera
981 4241 1178 4326 praestitisse
1214 4241 1321 4306 uirum

173 4347 303 4413 doctum
318 4352 350 4414 et
363 4352 530 4414 uersutum
545 4348 749 4414 statuendum
763 4352 819 4413 est.
854 4347 942 4425 Quae
960 4352 1071 4413 contra
1085 4347 1321 4413 Mommsenum

174 4458 206 4520 et
234 4460 345 4520 contra
373 4455 555 4521 Vahlenum
583 4457 649 4521 fere
678 4456 850 4541 quotannis
879 4456 1009 4539 scripsit
1036 4454 1136 4519 Ennii
1166 4455 1321 4521 editorem

1067 4559 1107 4614 h*
