3082 5018
228 335 300 390 CXX
652 336 932 388 monsacutus.

228 502 303 582 tate,
327 499 382 582 qui
406 499 502 564 sicuti
525 497 580 563 ille
603 517 731 563 uersum
751 520 789 562 ex
808 496 951 563 Homero
971 494 1040 583 (lib.
1055 496 1133 562 XIV
1146 521 1176 562 u.
1191 496 1257 563 463
1272 496 1376 584 alibi),

228 588 274 670 ita
297 606 459 690 integrum
482 605 547 670 fere
570 627 699 671 uersum
722 606 867 689 posuerit
890 605 924 669 in
948 608 1055 669 satura
1073 603 1120 669 IX
1134 604 1186 669 37.
1228 602 1376 689 Denique

228 713 261 776 in
290 711 435 777 uersibus
463 710 618 778 faciendis
645 712 838 776 limatiorem
866 710 973 776 Ennio
1002 733 1074 776 eum
1101 711 1202 777 fuisse
1229 710 1376 777 concedit

229 818 383 884 Horatius
399 840 490 883 serm.
505 817 521 882 Ι
537 818 588 902 10,
603 816 644 882 65
660 817 791 905 (testim.
808 815 864 905 76)
880 839 975 902 quem
990 822 1123 903 propter
1136 840 1248 884 uersus
1261 840 1375 903 parum

229 926 349 1011 politos
378 926 498 1010 carpsit
524 946 766 1010 nonnumquam
796 922 920 1011 (insert.
934 948 964 988 u.
982 921 1091 1011 1190).
1145 922 1207 989 Sed
1234 926 1376 1009 proprie

229 1036 310 1098 tates
334 1034 402 1098 eius
427 1032 575 1097 metricas
599 1032 675 1096 item
696 1033 920 1118 grammaticas
939 1032 1083 1097 inueniet
1100 1031 1202 1097 lector
1225 1031 1375 1098 collectas

230 1142 262 1204 in
295 1139 400 1204 indice
432 1123 643 1225 grammatico
671 1142 704 1203 et
736 1141 897 1203 enarratas
927 1138 1050 1223 passim
1079 1139 1114 1204 in
1136 1140 1374 1204 commentario.

230 1245 333 1322 Quare
357 1267 465 1312 earum
488 1267 596 1310 rerum
620 1245 780 1311 studiosos
805 1244 883 1312 illuc
906 1246 1084 1330 poterimus
1107 1248 1248 1333 relegare
1266 1247 1377 1312 finem-

230 1375 293 1439 que
306 1355 410 1419 facere
424 1353 632 1436 praefationis
647 1353 709 1416 iam
725 1354 805 1418 fines
820 1373 966 1438 egressae
980 1357 1013 1418 et
1026 1353 1166 1438 spatium
1181 1374 1375 1420 concessum.

321 1459 514 1544 Scripsimus
538 1460 667 1544 Lipsiae
690 1481 799 1525 mense
822 1457 915 1525 Iunio
939 1480 1023 1525 anno
1049 1460 1143 1525 1903.

527 1706 794 1775 TESTIMONIA
817 1707 876 1773 DE
901 1706 1083 1775 SATURA.

319 1850 342 1918 Ι.
373 1851 487 1917 Festus
518 1875 549 1936 p.
573 1852 638 1917 314
657 1851 699 1916 Μ.
751 1851 880 1917 ‘Satura
913 1856 946 1916 et
977 1852 1038 1918 cibi
1074 1874 1175 1939 genus
1207 1874 1247 1917 ex
1278 1853 1377 1917 uariis

231 1959 326 2025 rebus
359 1959 524 2026 conditum
557 1963 618 2042 est,
651 1962 683 2023 et
709 1959 761 2023 lex
789 1959 939 2043 <mol>tis
971 1958 1030 2023 alis
1065 1958 1190 2045 legibus
1225 1958 1377 2024 conferta.

231 2067 340 2149 itaque
364 2066 398 2130 in
421 2066 586 2135 sanctione
599 2067 708 2152 legum
728 2065 920 2132 adscribitur
939 2065 1044 2130 “neue
1061 2088 1120 2150 per
1133 2069 1272 2132 saturam
1288 2066 1379 2130 abro-

232 2176 306 2258 gato
335 2176 391 2237 aut
418 2171 604 2259 derogat0”.
650 2171 686 2237 Τ.
700 2171 826 2237 Annius
854 2172 977 2237 Luscus
1005 2173 1040 2235 in
1067 2194 1105 2237 ea
1132 2195 1227 2257 quam
1252 2171 1378 2257 [quarn]

232 2279 314 2344 dixit
350 2280 503 2344 aduersus
540 2278 587 2343 Ti.
612 2276 789 2344 Gracchum
823 2276 922 2365 (0111Ἴ
955 2276 1057 2344 edfl
1091 2302 1121 2363 p.
1147 2279 1211 2343 164
1242 2276 1378 2365 Meyeri)

232 2384 431 2471 “imperium
456 2386 542 2470 quod
565 2385 675 2471 plebes
703 2406 760 2469 per
788 2388 930 2451 saturam
958 2386 1100 2469 dederat,
1128 2385 1161 2449 id
1188 2385 1378 2472 abrogatum

231 2493 304 2559 est'’
329 2497 360 2557 et
384 2492 416 2557 Ο.
431 2493 558 2559 Laelius
581 2493 616 2559 in
638 2515 675 2558 ea
699 2516 795 2578 quam
818 2515 876 2578 pro
897 2516 930 2558 se
949 2492 1030 2557 dixit
1053 2518 1069 2554 a
1089 2515 1142 2553 aa
1167 2492 1200 2580 (1.
1216 2514 1239 2557 s.
1253 2515 1285 2577 p.
1301 2490 1379 2578 173)

231 2600 280 2682 <et
316 2599 486 2666 Sallustius
517 2602 553 2665 c'u
585 2601 760 2684 Iugurtha>
791 2597 872 2686 (cap.
888 2599 945 2683 29,
973 2597 1008 2685 5)
1037 2598 1135 2664 “dein
1165 2603 1296 2683 postero
1329 2598 1379 2664 die

158 2742 169 2765 a
233 2707 324 2790 quasi
355 2729 413 2792 per
445 2711 586 2772 saturam
619 2707 787 2772 sententiis
819 2706 987 2790 exquisitis
1016 2707 1049 2770 in
1077 2705 1271 2771 deditionem
1302 2706 1380 2770 acci·

232 2813 367 2898 pitur''.'

321 2918 361 2984 ΙΙ.
385 2918 496 2984 Isidor.
517 2919 643 3006 orig.V
664 2921 704 2985 16
728 2919 857 2985 ‘Satura
878 2941 955 2985 uero
978 2920 1040 3004 lex,
1063 2941 1144 3005 quae
1169 2920 1207 2984 de
1232 2918 1380 3003 pluribus

234 3027 331 3091 simul
353 3027 449 3091 rebus
474 3026 645 3111 eloquitur,
668 3026 754 3091 dicta
776 3051 795 3091 a
818 3027 911 3112 copia
933 3048 1039 3092 rerum
1063 3029 1096 3091 et
1120 3027 1211 3110 quasi
1230 3049 1249 3090 a
1268 3025 1380 3091 saturi·

233 3137 312 3216 tate,
340 3133 424 3198 unde
452 3137 484 3196 et
516 3137 638 3217 satyras
669 3134 806 3198 scribere
830 3138 879 3198 est
900 3138 1050 3218 poemata
1072 3134 1162 3198 uaria
1185 3133 1321 3199 condere
1344 3136 1380 3197 ut

233 3239 363 3304 Horatii
385 3238 547 3305 quenalis
569 3244 602 3305 et
625 3239 746 3305 Persii'.

322 3361 378 3428 Ill.
411 3363 531 3429 Paulus
563 3386 602 3428 ex
633 3363 718 3430 Fert
735 3388 766 3449 p.
785 3363 851 3429 315
865 3363 908 3429 M.
959 3362 1088 3430 ‘Satura
1120 3367 1152 3430 et
1184 3364 1247 3429 cibi
1280 3385 1380 3450 genus

234 3470 351 3535 dicitur
374 3493 413 3535 ex
436 3470 534 3536 uariis
557 3472 652 3537 rebus
675 3472 854 3555 conditum,
878 3474 911 3536 et
932 3473 985 3536 lex
1008 3472 1120 3536 multis
1143 3471 1214 3536 aliis
1238 3471 1382 3541 conferta

234 3576 369 3663 legibus,
397 3581 430 3642 et
457 3599 557 3664 genus
586 3579 749 3661 carminis,
777 3579 834 3643 ubi
862 3578 901 3643 de
923 3578 1035 3643 multis
1058 3579 1153 3644 rebus
1177 3577 1390 3670 disputatur’.

323 3699 380 3765 IV.
403 3699 574 3768 Diomedes
599 3701 681 3769 GLI
704 3727 735 3788 p.
750 3703 826 3787 485,
845 3702 933 3769 341(
957 3725 1052 3788 quem
1075 3704 1182 3769 locum
1207 3704 1380 3770 secundum

236 3808 498 3894 orthographiam
534 3810 653 3876 rectius
691 3814 861 3875 seruarunt
892 3809 1125 3895 Porphyrionis
1162 3815 1312 3896 excerpta
1348 3811 1383 3876 in

235 3914 357 3999 Meyeri
379 3914 453 3980 edit.
468 3937 498 3999 p.
512 3915 577 3981 278
602 3916 708 3981 adnot.
732 3916 767 3980 in
789 3909 925 3980 Holderi
942 3939 973 4000 p.
988 3915 1064 3999 328,
1086 3915 1152 3981 329
1171 3920 1253 4000 post.
1268 3916 1380 3981 Horat.

235 4021 500 4107 epist.111,12
528 4021 575 4110 ir)
600 4021 715 4088 Satura
742 4027 850 4087 autem
883 4022 968 4087 dicta
995 4023 1063 4088 siue
1091 4045 1110 4087 a
1137 4023 1263 4106 saturis,
1295 4023 1382 4107 quod

235 4129 383 4195 similiter
405 4130 440 4194 in
462 4128 525 4195 hoc
548 4129 688 4194 carmine
714 4128 867 4195 ridiculae
896 4151 947 4195 res
970 4129 1200 4215 pudendaeque
1224 4129 1382 4214 dicuntur,

236 4258 317 4321 quae
345 4238 436 4301 uelut
463 4260 482 4301 a
508 4237 626 4302 saturis
653 4237 862 4321 proferuntur
889 4240 921 4302 et
947 4236 1043 4321 fiunt,
1070 4274 1114 4284 —
1142 4236 1210 4302 siue
1234 4239 1341 4301 satura
1364 4258 1383 4300 a

236 4341 335 4428 lance,
363 4365 444 4428 quae
470 4343 588 4408 referta
615 4344 713 4408 uariis
741 4343 916 4428 multisque
943 4345 1094 4428 primitiis
1119 4344 1156 4407 in
1184 4363 1274 4409 sacro
1297 4344 1383 4428 apud

236 4450 358 4538 priscos
391 4450 453 4516 diis
484 4449 681 4520 inferebatur
710 4455 743 4520 et
775 4475 794 4517 a
825 4452 918 4540 copia
949 4456 982 4517 et
1008 4452 1175 4520 saturitate
1202 4451 1249 4516 rei
1276 4454 1384 4519 satura
