3082 5018
226 334 337 390 cxvffl
656 335 934 388 PROLEGOMENA.

14 519 115 558 arnaria
128 519 212 558 aare
226 499 384 565 notandis.
431 496 645 563 Consentiunt
671 500 835 582 praeterea
860 498 981 563 ueteres
1005 496 1044 560 de
1067 495 1161 560 laude
1184 495 1373 561 eruditionis

227 607 294 671 eius
319 608 351 670 et
373 605 565 670 urbanitatis
589 601 720 691 (testim.
736 600 898 690 58—63):
921 625 1025 687 neque
1048 607 1157 668 tamen
1180 606 1274 668 uacat
1293 602 1374 668 sales

226 712 344 778 Lucilii
362 716 418 777 aut
437 733 622 777 enumerare
641 713 696 776 aut
710 733 857 776 enarrare
872 709 1026 797 singulos,
1045 732 1177 794 quorum
1192 711 1227 775 in
1240 732 1374 776 numero

227 819 321 884 multi
340 820 443 884 multa
461 819 620 883 durabant
637 841 695 903 per
710 819 838 884 saecula
850 817 953 883 ueluti
967 817 1048 882 illud
1063 817 1219 903 ‘agrarius
1233 815 1374 904 mergus'

227 927 336 992 incert.
361 949 390 990 u.
416 925 502 992 1103
535 925 685 990 ‘uertitur
712 925 890 1009 oenophori
918 923 1051 1006 fundus,
1083 924 1242 988 sententia
1268 923 1374 989 nobis'

227 1033 281 1098 lib.
300 1031 348 1097 III
367 1057 397 1098 u.
419 1032 496 1116 139,
533 1033 611 1097 ‘non
648 1032 798 1097 omnibus
836 1032 972 1096 dormio’
1004 1030 1270 1095 incert.u.1223
1303 1030 1374 1095 alia.

227 1138 276 1204 De
308 1138 488 1205 eruditione
520 1139 589 1204 eius
623 1144 655 1205 et
683 1140 829 1205 doctriua
856 1139 977 1223 ubique
1003 1141 1102 1203 testes
1128 1137 1375 1223 locupletissimi

228 1247 320 1313 citeri
347 1250 484 1331 possunt
506 1246 661 1331 reliquiae
685 1246 787 1331 ipsae:
815 1246 896 1310 bene
919 1245 1004 1311 enim
1028 1245 1120 1311 nouit
1142 1245 1319 1311 Homerum
1343 1248 1377 1310 et

228 1350 474 1437 Archilochum,
510 1353 722 1418 Menandrum
756 1357 788 1418 et
820 1353 938 1417 ueteris
971 1354 1155 1418 comoediae
1186 1352 1376 1434 Telecliden,

228 1459 453 1544 philosophiae
490 1459 691 1544 disciplinam
729 1464 762 1524 et
796 1458 923 1525 Stoicae
960 1463 993 1524 et
1027 1458 1219 1544 Epicureae,
1256 1455 1375 1524 Acade-

229 1565 311 1630 miae
334 1566 503 1631 historiam
526 1571 559 1632 et
583 1565 831 1651 Peripateticum
863 1566 1057 1650 doctrinam,
1092 1567 1283 1631 Latinorum
1311 1564 1375 1630 En-

228 1673 319 1738 nium
342 1671 519 1737 Pacuuium
544 1670 679 1738 Accium
703 1674 851 1758 tragicos,
878 1671 1029 1737 Plautum
1058 1670 1232 1739 Caecilium
1261 1672 1376 1737 Teren·

230 1781 312 1843 tium
336 1780 485 1844 comicos.
527 1778 670 1844 Ennium
695 1783 727 1844 11
750 1777 886 1844 Accium
904 1779 1016 1845 multis
1034 1779 1115 1846 locis
1134 1779 1309 1844 insectatus
1328 1782 1378 1844 est

229 1890 311 1951 teste
338 1885 474 1950 Horatio
505 1907 596 1951 serm.
612 1884 627 1950 Ι
644 1885 694 1971 10,
708 1886 751 1951 53
776 1883 1165 1974 (11111111616111111),
1195 1886 1250 1950 sed
1273 1886 1318 1950 ita
1341 1890 1378 1950 ut

231 2015 379 2058 1111111
398 1993 563 2058 meliorem
583 1997 640 2058 aut
657 1993 811 2058 maiorem
831 1992 897 2058 illis
916 1994 1050 2057 iactaret
1069 1994 1242 2079 gloriosus3
1266 2014 1329 2077 qua
1343 2014 1377 2056 re

231 2101 358 2186 egregie
381 2102 508 2164 saturae
531 2120 606 2164 suae
629 2099 837 2164 acerbitatem
860 2099 965 2164 uoluit
989 2099 1132 2185 mitigari
1150 2100 1378 2184 modestusque

18 2210 216 2314 ⁸‘⁵}3„l⁴²,},'ss}³,‘,2⁷,²'“'
231 2208 333 2272 uideri
353 2211 385 2271 11
403 2206 499 2271 iudex
518 2229 646 2291 aequus.
684 2205 822 2272 Omnino
843 2207 979 2291 denique
993 2205 1099 2271 Plinio
1119 2207 1233 2271 maiori
1252 2206 1378 2271 creden-

232 2314 308 2379 dum
332 2317 382 2379 est
404 2315 542 2380 tradenti
567 2316 601 2380 11
623 2314 721 2399 praef,
736 2317 801 2378 nat.
815 2313 924 2379 histl
946 2336 1020 2378 eum
1038 2315 1179 2398 primum
1199 2313 1378 2379 condidisse

230 2423 298 2486 stili
321 2443 435 2487 nasum
459 2419 676 2508 (1111111164),
700 2421 817 2505 quibus
841 2421 949 2487 uerbis
972 2421 1095 2486 tumide
1118 2425 1156 2485 ut
1179 2421 1261 2487 solet
1285 2441 1378 2505 gene-

229 2531 274 2593 ris
293 2527 407 2594 Asiani
427 2530 482 2594 ille
501 2532 641 2594 sectator
653 2529 815 2593 Lucilium
835 2528 1021 2593 criticorum
1041 2527 1230 2594 elocutionis
1244 2528 1378 2593 Latinae

90 2702 167 2732 rarum
230 2636 392 2722 significat
419 2636 519 2700 fuisse
546 2637 727 2720 principem
755 2636 909 2700 omnium.
961 2633 1200 2699 Obscenitatem
1229 2638 1261 2699 11
1289 2657 1378 2719 spur-

231 2744 339 2808 citiem
372 2743 567 2829 singularem
600 2764 696 2826 quam
729 2745 762 2806 et
794 2745 918 2806 ueteres
946 2738 1218 2827 (1111117172)
1247 2742 1282 2806 in
1310 2743 1378 2806 eius

232 2850 427 2914 carminibus
464 2849 741 2934 deprehenderunt
777 2853 811 2913 et
845 2870 906 2914 nos
940 2870 1012 2913 oum
1044 2848 1151 2914 taedio
1184 2852 1217 2912 et
1247 2848 1378 2913 fastidio

232 2957 423 3023 offendimus
443 2953 535 3042 (conf
551 2958 660 3021 ineert.
675 2981 705 3021 u.
722 2954 823 3043 1186)
842 2960 875 3021 et
888 2953 923 3020 O.
938 2954 1098 3021 Trebonio
1117 2954 1265 3039 exemplo
1279 2956 1379 3020 fuisse

233 3062 311 3149 (Cic.
327 3066 418 3148 epist.
434 3062 497 3128 XII
514 3062 564 3142 16,
579 3060 614 3149 3)
643 3067 676 3128 11
704 3062 842 3128 Horatio
870 3066 903 3127 et
925 3061 1069 3127 quenali
1093 3062 1297 3127 manifestum
1322 3066 1378 3127 est.

232 3170 398 3256 Agnosces
411 3170 575 3236 hominem
592 3169 716 3234 diutina
735 3170 852 3234 militia
870 3173 903 3234 et
922 3171 990 3234 uita
1009 3170 1162 3235 castrensi
1177 3168 1380 3253 dissolutum,

232 3277 376 3342 moribus
391 3276 552 3341 imbutum
566 3278 680 3342 militis
695 3278 844 3363 gregarii,
858 3297 1035 3362 agasonum
1050 3279 1082 3340 11
1093 3275 1213 3354 stabuli
1223 3276 1380 3359 equestris

233 3405 378 3448 sermone
409 3383 610 3468 gaudentem.
660 3383 790 3467 Vbique
817 3385 911 3468 pueri
938 3385 970 3447 et
1003 3383 1201 3467 meretrices,
1231 3381 1380 3466 Hymnis,

234 3487 373 3571 Cretaea,
392 3486 532 3572 Collyra,
550 3488 671 3573 Lamia,
689 3489 791 3574 Bitto,
807 3489 950 3574 Gentius,
967 3489 1109 3574 Macedo,
1123 3487 1256 3576 Agrion,
1271 3490 1381 3555 domu-

233 3618 287 3659 um
325 3597 593 3682 expugnationes,
630 3598 780 3661 conuiuia
810 3601 843 3661 et
871 3597 1054 3680 ebrietates,
1086 3597 1154 3661 ludi
1187 3597 1380 3683 gladiatorii,

234 3701 353 3786 passim
382 3702 421 3766 de
448 3723 602 3786 equorum
631 3704 808 3768 uirtutibus
836 3705 944 3789 agitur
967 3707 1000 3768 11
1022 3704 1111 3769 uitiis
1135 3704 1194 3789 ita,
1226 3707 1263 3769 ut
1284 3709 1381 3788 poeta

233 3830 330 3893 eques
366 3809 527 3874 neminem
563 3811 667 3893 possit
696 3810 811 3876 latere:
849 3811 1033 3896 coniugium
1066 3815 1104 3876 ut
1134 3811 1315 3876 molestiam
1348 3815 1381 3876 et

233 3937 418 3980 aerumnam
455 3916 523 3981 fato
560 3918 746 3982 hominibus
784 3917 927 3983 oblatam
962 3916 1074 3982 irridet
1105 3918 1251 4003 nihilque
1282 3917 1381 3981 hahet

234 4023 397 4108 antiquius
421 4045 517 4108 quam
541 4028 759 4089 matronarum
783 4046 912 4110 carpere
934 4024 1064 4110 ingenia
1087 4028 1119 4088 et
1142 4046 1254 4089 mores.

41 4157 235 4213 ammam,
324 4129 372 4195 De
396 4130 578 4196 elocutione
600 4130 718 4196 Lucilii
741 4132 819 4196 satis
842 4132 1019 4197 honorifice
1041 4131 1198 4196 iudicauit
1215 4130 1257 4195 M.
1276 4129 1379 4195 Varro

234 4237 319 4320 apud
347 4235 427 4303 Gell.
442 4237 490 4302 VI
506 4237 591 4322 14,e
616 4236 748 4324 (testim.
764 4238 814 4302 73.
830 4236 886 4320 74)
916 4239 971 4324 qui
995 4238 1156 4304 Lucilium
1180 4236 1380 4325 gracilitatis,
1419 4293 1422 4301 ,

235 4343 254 4408 i.
269 4367 295 4408 1.
317 4353 378 4410 τοῦ
402 4345 518 4430 ἰσχνοῦ
542 4354 746 4430 χαρακτῆρος
764 4347 947 4431 exemplum
966 4347 1071 4412 uoluit
1089 4344 1208 4411 haberi.
1250 4344 1380 4411 Horati·

236 4474 290 4516 um
322 4452 349 4515 si
379 4473 494 4539 rogare
519 4473 701 4538 possemus,
732 4475 798 4518 non
825 4453 954 4540 gracilis
982 4454 1107 4542 generis
1131 4474 1200 4518 esse
1224 4452 1291 4519 eius
1316 4475 1381 4520 car·
