3052 5024
587 321 865 375 PROLEGOMENA.
1234 322 1309 377 XLV

155 483 285 548 nomine
313 484 474 568 appellare
503 505 598 549 nemo
626 482 748 549 ueritus
781 488 872 549 esset.
923 483 973 549 De
1004 484 1118 550 fascini
1149 484 1306 573 religione

156 591 223 676 egit
237 587 272 654 Ο.
287 589 419 655 Iahnius
433 589 505 655 Ber.
518 591 547 655 d.
562 591 663 656 s’a‘chs.
680 587 750 655 611.
766 591 794 655 d.
809 589 1006 657 Wissenseh.
1023 589 1108 657 1855
1123 615 1153 677 p.
1170 592 1209 656 71
1219 614 1307 677 seqq.

155 697 211 781 qui
234 719 264 780 p.
285 696 325 760 71
351 698 385 761 in
407 697 516 762 adnot.
540 696 600 763 hos
623 718 737 762 uersus
765 699 884 763 attulit.
931 697 1066 785 Signum
1094 699 1195 785 igitur
1221 721 1308 765 moe-

155 804 260 870 tinum
289 801 445 869 Scaeuola
473 825 536 888 quo
564 805 716 869 utebatur
743 805 777 868 in
806 804 962 869 inuidiam
995 805 1123 871 deducit
1150 805 1307 872 Albucius

155 932 228 977 eum
253 910 331 976 dicit
353 933 447 976 usum
471 933 508 976 eo
534 933 602 976 esse
624 915 805 996 praetorem
828 911 914 996 ideo,
944 934 1007 995 quo
1031 913 1222 998 impunitius
1246 915 1308 979 lar-

156 1017 232 1082 dum
251 1021 283 1083 et
301 1039 434 1103 pernam
455 1016 623 1083 deuoraret
642 1019 746 1083 malos
765 1019 876 1084 oculos
895 1019 1122 1084 fascinantium
1142 1019 1199 1085 illo
1214 1021 1306 1107 signo

156 1123 326 1209 depellens.
362 1124 412 1190 De
434 1124 567 1209 reliquis
590 1125 688 1191 huius
712 1124 788 1190 libri
810 1125 999 1211 fragmentis
1023 1125 1148 1213 egimus
1169 1126 1203 1192 in
1222 1149 1307 1194 com·

156 1233 321 1297 menterio.
357 1231 512 1298 Horatius
532 1254 623 1297 serm.
642 1231 719 1296 libri
737 1230 753 1296 Ι
772 1236 879 1297 satura
897 1230 961 1297 VII
981 1254 1044 1316 qua
1062 1231 1162 1320 Regis
1181 1232 1308 1319 Rupilii

156 1343 189 1404 11
206 1338 310 1404 Ρ11111
333 1339 488 1404 iudicium
512 1342 678 1404 enarratur
700 1340 787 1405 hunc
805 1338 923 1404 Lucilii
945 1339 1065 1405 librum
1082 1341 1228 1405 imitatus
1247 1344 1306 1406 est.

155 1445 304 1530 Denique
327 1444 447 1510 librum
465 1443 481 1509 Ι
500 1448 533 1509 11
554 1444 673 1510 librum
692 1443 725 1509 Π
744 1444 894 1531 deinceps
913 1446 998 1510 iusto
1017 1445 1128 1510 ordine
1147 1446 1307 1532 signifieat

156 1552 285 1618 Persius
304 1551 319 1616 Ι
340 1552 405 1616 114
433 1551 547 1618 ‘secuit
572 1550 716 1617 Lucilius
744 1552 871 1637 urbem,
899 1556 931 1618 te
958 1551 1063 1638 Lupe,
1090 1557 1123 1619 te
1145 1551 1245 1637 Muci,
1274 1557 1307 1618 et

157 1661 332 1746 genuinum
355 1660 454 1746 fregit
476 1659 511 1724 in
534 1659 621 1743 illis',
645 1659 700 1744 qui
720 1659 821 1726 libros
839 1658 958 1725 Lucilii
976 1659 1050 1724 inde
1069 1682 1087 1724 a
1104 1656 1120 1723 I
1140 1663 1306 1745 spectaret,

157 1788 230 1832 eum
249 1766 422 1833 Horatium
440 1766 540 1832 libros
559 1764 806 1831 XXVI-XXX
825 1771 984 1852 spectasse
1003 1789 1099 1851 supra
1117 1767 1305 1832 uiderimus:

157 1873 285 1939 eosdem
307 1874 410 1941 libros
436 1876 560 1958 spectat
578 1872 740 1938 quenalis
762 1895 843 1958 quos
862 1871 1098 1939 Ρ1111111151
1120 1873 1221 1938 ‘cuius
1240 1891 1306 1939 non

156 1981 258 2047 audeo
282 1981 388 2047 dicere
414 1982 555 2046 nomen?
587 1981 666 2064 quid
692 1981 790 2046 refert
818 1979 911 2045 dictis
941 1980 1089 2067 ignoscat
1111 1978 1236 2047 Mucius
1264 2003 1306 2047 an

154 2088 266 2154 non?’'
292 2090 348 2172 qui
360 2087 499 2173 Lupum,
518 2109 613 2172 quem
632 2091 797 2153 mortuum
817 2088 990 2154 insectatus
1010 2091 1059 2153 est
1072 2086 1226 2172 Lucilius,
1243 2087 1305 2153 hoc

155 2197 228 2261 loco
251 2218 310 2280 pro
335 2196 482 2281 exemplo
505 2216 624 2281 ponere
645 2217 713 2260 non
735 2195 886 2280 potuerit.
1165 2184 1172 2195 ⁴

245 2301 313 2367 lam
342 2302 524 2388 colligenda
551 2306 645 2368 erunt
671 2325 708 2367 ea
731 2324 812 2387 quae
835 2301 874 2367 de
898 2306 1087 2388 argumento
1111 2307 1143 2369 et
1166 2303 1205 2368 de
1227 2308 1305 2369 tem—

155 2430 233 2494 pore
255 2408 331 2475 libri
354 2409 370 2475 Ι
394 2413 426 2474 11
449 2408 481 2474 Π
503 2409 608 2475 adhuc
631 2409 846 2494 exposuimus,

244 2515 342 2582 Libro
365 2514 381 2581 I
410 2517 517 2603 agitur
544 2515 583 2581 de
611 2516 744 2581 interitu
767 2515 864 2600 Lupi:
892 2514 1020 2599 Lupum
1047 2520 1211 2582 mortuum
1235 2538 1303 2582 esse

158 2627 279 2689 certum
303 2627 351 2688 est
379 2623 465 2689 intra
491 2622 752 2708 1111116261128
782 2626 951 2688 exeuntem
975 2621 1170 2709 116291125
1194 2623 1304 2688 ineun-

155 2733 236 2816 tem,
260 2731 397 2796 1111111
420 2752 516 2816 supra
539 2730 684 2815 disserui,
706 2740 791 2796 anno
814 2729 1142 2816 618111111111
1165 2729 1204 2795 de
1226 2734 1304 2796 tern-

156 2841 281 2923 pestate
304 2837 361 2903 illa
384 2837 600 2904 coniecturam
618 2838 721 2922 reicis,
744 2860 827 2904 anno
847 2836 987 2923 6271127
995 2861 1002 2903 :
1024 2860 1139 2923 nempe
1157 2838 1220 2903 hoc
1236 2859 1303 2903 non

156 2944 294 3012 multum
323 2945 438 3011 differt.
485 2944 601 3011 Satura
623 2949 693 3010 tota
715 2945 814 3032 friget
842 2967 879 3011 ac
905 2949 1013 3033 torpet
1038 2945 1102 3010 nisi
1130 2945 1158 3010 si
1180 2944 1303 3011 Romae

155 3057 205 3118 est
225 3053 334 3117 statim
353 3057 582 3137 postmortem
601 3052 687 3138 Lupi
706 3056 739 3117 et
757 3053 877 3138 scripta
895 3056 927 3118 et
946 3051 1039 3138 edita,
1062 3053 1147 3117 siout
1165 3049 1303 3118 Senecae

153 3158 248 3224 ludus
281 3161 319 3225 de
353 3163 458 3224 morte
490 3159 557 3224 diui
590 3156 716 3224 claudii
748 3161 857 3226 stetim
889 3163 965 3245 post
996 3163 1132 3225 mortem
1160 3156 1303 3225 61111111

155 3265 261 3331 editus
290 3288 359 3332 esse
386 3265 548 3351 putandus
581 3270 637 3332 est.
687 3265 801 3351 Itaque
833 3270 965 3352 apparet
995 3265 1153 3331 librumI
1180 3265 1303 3332 Itomae

154 3373 276 3438 editum
300 3396 369 3445 esse
392 3394 476 3438 anno
498 3374 566 3438 fere
589 3372 739 3459 6281126.

242 3479 341 3545 Libro
360 3478 392 3545 ΙΙ
411 3478 566 3544 iudicium
585 3478 716 3547 Albucii
735 3484 767 3546 et
785 3479 886 3546 Mucii
906 3479 1100 3546 celebratum
1119 3502 1188 3546 esse
1206 3502 1303 3566 supra

153 3586 303 3671 probaui:
331 3586 419 3671 quod
446 3609 558 3652 reuera
584 3587 705 3654 factum
733 3591 781 3653 est
808 3610 892 3653 anno
921 3586 1301 3674 69411201116361119

155 3714 228 3758 cum
246 3693 373 3760 Mucius
396 3716 480 3759 anno
504 3695 710 3761 antecedente
727 3698 856 3779 praetor
874 3691 971 3760 Asiae
994 3696 1178 3779 prouinciae
1195 3695 1301 3763 fuerit.

153 3798 266 3885 Itaque
289 3822 362 3866 cum
388 3801 473 3866 nihil
495 3802 598 3888 magis
622 3801 798 3868 cauendum
818 3824 887 3868 1111
909 3801 1057 3868 uideatur
1079 3801 1217 3869 iambico
1245 3806 1301 3868 aut

153 3911 268 3992 poetae
296 3909 419 3973 comico
448 3929 544 3992 quam
571 3931 612 3974 ne
639 3907 736 3973 nimis
759 3909 842 3973 tardi
864 3909 986 3996 ingenii
1009 3908 1106 3995 longo
1130 3908 1300 3975 interuallo

152 4013 320 4080 interiecto
343 4036 394 4080 res
417 4019 543 4101 tractet,
568 4038 652 4081 anno
676 4014 817 4100 6351119
840 4016 907 4082 fere
929 4015 1048 4081 librum
1072 4016 1207 4081 alterum
1231 4036 1300 4080 1111

153 4120 310 4207 seriptum
333 4125 449 4189 statuo.
494 4121 609 4208 Neque
629 4123 733 4209 fugiet
751 4127 891 4189 attentos
910 4145 1007 4208 quare
1025 4127 1121 4208 poete
1139 4121 1300 4207 Scipionis

152 4228 295 4295 amicitia
317 4230 490 4295 destitutus
509 4234 649 4299 saturam
667 4253 734 4296 non
751 4252 848 4296 ausus
868 4231 911 4296 sit
929 4231 1107 4296 instaurare
1123 4230 1187 4296 nisi
1206 4229 1299 4315 Lupo

153 4341 289 4422 mortuo,
306 4341 375 4403 tum
390 4338 508 4403 iterum
521 4359 579 4422 per
593 4337 733 4423 quinque
748 4360 849 4403 annos
863 4337 1007 4423 tacuerit,
1021 4337 1097 4401 dum
1113 4334 1299 4405 6.(11111111

152 4464 304 4530 oppresso
327 4449 450 4511 atroces
474 4444 547 4510 illae
569 4449 777 4529 tempestates
795 4446 842 4511 rei
859 4445 1006 4531 publicae
1024 4443 1145 4510 fuerint
1164 4444 1298 4511 sedatae.
1437 4541 1439 4546 Ι
