3052 5024
226 339 344 396 XXXVI
650 382 653 386 1
670 341 951 394 PROLEGOMENA.

227 506 316 570 niam
339 525 452 589 pacem
477 524 634 571 essenon
657 504 773 588 6161116,
795 526 832 570 ea
855 522 937 588 quae
956 526 1027 569 sum
1046 503 1199 587 11616666,
1222 503 1378 589 aecipite'.

227 611 418 677 Proximum
442 615 491 678 661
514 633 666 696 66666666
690 612 837 696 quisnam
860 611 958 676 166611
981 610 1091 697 Lupus
1121 610 1190 694 1116,
1219 610 1257 676 16
1287 611 1379 676 66166

228 719 363 785 16166116
386 719 579 802 1611166661,
609 718 682 784 1616
705 740 844 803 quonam
873 722 1018 803 temporo
1045 718 1218 783 6666111666
1246 717 1379 784 deorum

230 827 378 892 hobitum
401 826 533 892 finxerit
555 828 658 911 poeta.
696 824 808 891 Fuisse
832 848 905 890 6666
923 823 1124 890 P.Rutilium
1148 824 1276 910 Lupum
1298 824 1380 889 1611-

231 937 305 999 6661
332 932 513 1019 Porphyrio
541 933 582 999 61
609 931 687 998 Η66.
716 953 808 998 serm.
826 931 858 997 H
878 931 907 1016 1,
926 931 968 996 68
996 931 1107 997 06666
1134 930 1378 999 vanHeusdeus.

230 1039 317 1118 Quos
342 1062 462 1107 errasse
485 1039 692 1106 manifestum
716 1043 773 1106 est.
811 1038 947 1124 Oportet
970 1040 1055 1104 66166
1079 1038 1304 1126 intellegamus
1323 1040 1381 1105 ho·

230 1147 349 1213 minem
372 1150 538 1232 potentem
562 1148 703 1232 aliquem
728 1171 747 1212 6
770 1146 894 1212 Lucilio
922 1147 1161 1234 impugnatum:
1190 1150 1224 1212 at
1246 1145 1380 1212 PRuti·

228 1255 292 1320 lius
316 1254 427 1340 Lupus
452 1276 514 1322 eos.
535 1253 666 1340 664190,
693 1255 860 1338 66166166
884 1254 911 1318 61
934 1252 1115 1339 Porphyrio
1139 1276 1206 1320 non
1228 1255 1381 1320 errauerit

229 1362 263 1425 in
291 1383 422 1429 censum
450 1362 554 1445 uenit,
583 1383 620 1426 66
651 1365 795 1445 tempore
824 1382 889 1445 666
917 1359 1061 1426 Lucilius
1093 1361 1133 1426 16
1165 1364 1268 1426 66616
1296 1359 1381 1445 Lupi

144 1532 152 1541 ,,
231 1468 368 1553 scripsit,
397 1468 541 1534 nondum
566 1468 694 1534 adultus
718 1471 793 1534 6661.
839 1466 952 1552 Itaque
975 1471 1061 1533 reate
1083 1465 1207 1552 Popma
1229 1469 1263 1532 ni
1285 1467 1382 1532 fallor

229 1576 353 1660 primus
380 1575 541 1642 intellexit
569 1576 673 1660 decipi
701 1597 720 1639 6
743 1575 966 1666 Porphyrione
993 1575 1081 1640 uiros
1110 1574 1221 1641 166166
1250 1579 1283 1640 61
1308 1597 1381 1658 pro-

232 1683 342 1768 posuit
365 1686 511 1767 carptum
536 1682 697 1748 aLucilio
717 1679 943 1747 LOomelium
964 1680 1137 1747 Lentulum
1162 1703 1224 1748 cos.
1240 1680 1381 1767 5981156

233 1810 314 1855 cens.
335 1787 487 1874 6071147,
514 1789 552 1854 16
576 1811 640 1873 666
664 1789 819 1855 66666116
841 1787 960 1854 tradita
985 1793 1061 1854 sunt
1088 1789 1128 1854 61
1154 1789 1286 1855 titulum
1310 1787 1380 1855 Ter.

230 1894 347 1962 Heaut.
362 1895 476 1980 Polyb.
490 1895 599 1960 XXXI
613 1896 666 1980 23,
685 1896 705 1961 9
725 1893 819 1961 CILI
834 1895 897 1960 201
920 1893 983 1961 Cic.
1000 1894 1094 1962 ’1666
1108 1894 1158 1961 ΠΙ
1171 1894 1212 1962 51
1233 1895 1323 1961 Β661.
1340 1894 1381 1959 79

232 2000 303 2068 Vel.
323 2002 407 2068 Max.
427 2001 475 2068 VI
494 2002 524 2087 9,
545 2003 587 2067 10
604 2002 688 2069 Fest.
708 2026 740 2088 p.
758 2002 824 2069 285
833 2002 877 2068 Μ.
900 2002 982 2068 nihil
1007 2002 1200 2087 pertinentia
1227 2002 1268 2066 61
1289 2000 1382 2067 Luci-

232 2111 320 2175 lium.
360 2108 422 2175 Sed
448 2132 530 2195 6666
553 2110 714 2194 adscripta
737 2113 814 2175 sunt
835 2110 876 2175 61
897 2107 976 2175 Η66.
996 2130 1088 2176 serm.
1107 2107 1140 2174 Π
1160 2109 1188 2193 1,
1208 2108 1249 2173 67
1274 2109 1309 2173 16
1331 2129 1383 2173 66-

233 2215 302 2281 diee
329 2215 476 2282 Parisino
506 2215 632 2300 79766
659 2215 842 2301 Hauthalii,
880 2217 971 2283 66166
1006 2217 1235 2301 praestantiam
1271 2217 1382 2281 multis

160 2400 162 2405 Ι
233 2324 388 2408 exemplis
406 2324 483 2389 licet
502 2344 704 2411 cognoscere,
727 2347 764 2389 66
787 2324 906 2389 summi
924 2323 1021 2410 pretii
1040 2345 1109 2389 esse
1127 2345 1231 2407 neque
1249 2322 1382 2388 omnino

233 2452 252 2495 6
275 2430 449 2496 scholiasta
474 2432 619 2516 potuisse
646 2431 727 2519 fingi
755 2435 857 2517 petet:
886 2431 964 2496 dicit
992 2431 1077 2497 enim
1104 2432 1196 2496 haec:
1230 2428 1383 2514 ‘Offensa

232 2536 336 2604 16661.
360 2538 449 2605 Num
471 2539 597 2605 1666161
618 2539 721 2622 epotus
740 2539 820 2620 16611
842 2543 916 2604 6661
938 2543 994 2603 661
1013 2543 1142 2621 propter
1165 2536 1300 2620 1666666,
1327 2541 1384 2602 661

229 2650 358 2728 propter
381 2645 551 2712 1161611666.
592 2646 703 2729 166666
719 2647 868 2729 prinecps
887 2645 953 2726 1661
973 2645 1118 2711 6666166.
1169 2642 1383 2710 Scholiastsm

235 2753 291 2836 661
309 2752 441 2817 omnino
459 2751 683 2837 Porphyriono
701 2752 826 2819 doctior
844 2751 887 2818 sit
905 2751 962 2816 ubi
980 2752 1019 2816 16
1037 2750 1162 2817 Lucilio
1182 2752 1298 2838 egitur,
1320 2751 1384 2816 hoo

234 2859 366 2925 finxisse
388 2860 501 2944 utique
524 2859 707 2945 negandum
730 2861 791 2924 est:
819 2880 922 2943 66666
946 2859 1031 2924 enim
1055 2863 1104 2925 est
1130 2858 1215 2923 6616
1241 2857 1384 2942 potuerit

234 2969 366 3053 fingere.
411 2965 593 3053 Legebatur
620 2965 769 3052 princeps
797 2969 927 3032 senatus
955 2966 1068 3051 quinto
1097 2986 1226 3050 quoque
1252 2987 1336 3030 anno
1365 2986 1385 3029 6

236 3094 366 3139 censore
393 3073 520 3159 plebeio
550 3073 674 3160 collega
700 3073 867 3158 patricius,
900 3073 987 3156 quod
1013 3072 1140 3157 patricii
1167 3074 1293 3136 1661666
1326 3071 1383 3136 illo

235 3202 366 3246 munere
380 3180 484 3246 functi
500 3180 652 3246 uidentur
666 3187 733 3246 esse
749 3177 957 3267 (Mommseni
970 3178 1081 3245 Roem.
1095 3178 1226 3244 Forsob
1240 3177 1256 3243 Ι
1270 3201 1301 3262 p.
1316 3176 1384 3266 94).

235 3285 344 3371 Atque
371 3308 455 3352 6666
479 3285 618 3370 6231131
648 3285 696 3363 10.
710 3285 885 3370 Pompeius
913 3284 949 3363 Q.
958 3284 1108 3350 Metellus
1135 3289 1213 3350 1666
1242 3284 1384 3368 primum

235 3397 370 3476 6166666
394 3415 433 3457 ex
455 3391 551 3477 plebe
577 3393 655 3457 faeti
684 3412 829 3458 censores
856 3394 995 3458 lustrum
1021 3391 1252 3457 condiderunt'.
1299 3388 1383 3478 (Liu.

235 3522 301 3585 per.
321 3498 387 3586 59).
438 3497 501 3576 Qui
533 3498 605 3565 ideo
632 3498 667 3563 L.
677 3498 850 3565 Lentulum
877 3499 1005 3584 Lupum
1033 3499 1205 3585 patricium
1236 3499 1385 3585 legerunt

236 3606 415 3692 principem
439 3608 582 3690 senatus,
609 3598 683 3670 cum
706 3604 791 3692 App.
806 3603 957 3672 01661166
982 3626 1094 3672 censor
1118 3605 1271 3691 patricius
1300 3627 1384 3671 6666

237 3711 379 3798 6181136
403 3715 436 3777 61
458 3712 531 3778 1616
558 3713 708 3798 princeps
736 3717 864 3778 6666166
888 3713 986 3800 (Plut.
1000 3712 1047 3778 Ti.
1064 3711 1193 3779 0666616.
1209 3712 1231 3777 4
1245 3711 1384 3798 Appian.

236 3820 267 3885 b.
283 3842 307 3885 o.
322 3817 338 3883 I
355 3815 412 3906 18)
436 3819 520 3885 61666
539 3841 658 3887 annum
678 3819 818 3904 6211133
837 3820 1031 3905 decessisset,
1055 3820 1124 3885 sine
1143 3819 1241 3886 dubio
1260 3840 1384 3886 morem

238 3928 406 4012 antiquum
434 3927 549 4011 666611,
580 3950 620 3992 666
647 3948 711 4012 666
740 3948 899 4011 66666666,
932 3927 988 4010 661
1018 3926 1142 4012 primus
1174 3927 1385 4011 patriciorum

239 4057 350 4102 censor
373 4057 412 4100 ex
435 4033 496 4118 616,
523 4034 579 4119 661
601 4033 761 4116 61666661,
788 4031 914 4116 fnisset,
940 4032 1028 4099 16666
1050 4034 1229 4118 principem
1255 4037 1385 4100 senatus

237 4143 395 4230 legebant.
442 4136 526 4227 (Liu.
540 4137 666 4204 XXVII
682 4138 733 4223 11,
754 4135 819 4225 10).
863 4138 1016 4223 Princeps
1042 4143 1170 4205 senatus
1199 4139 1254 4224 661
1281 4141 1385 4206 lectus

238 4254 319 4335 6661,
347 4247 411 4314 6161
435 4250 548 4313 666616
571 4244 760 4311 mouebatur
781 4245 875 4332 iungi
897 4246 1022 4312 solebat
1042 4248 1106 4313 hoe
1129 4269 1260 4312 6666666
1283 4268 1386 4332 66666

240 4357 279 4421 61
302 4359 439 4420 mortem
461 4375 520 4438 per
538 4352 646 4416 666616
664 4372 746 4434 quae
764 4352 978 4436 sequebantur
995 4354 1110 4418 lustra:
1133 4353 1220 4436 6661
1238 4357 1385 4438 opertum

238 4468 278 4532 fit
299 4484 317 4527 e
335 4460 405 4526 1616.
419 4457 559 4525 XXXIX
573 4455 630 4523 52:
653 4456 848 4541 ‘Scipionem
872 4463 905 4525 et
927 4459 1081 4544 Polybius
1105 4462 1137 4524 et
1155 4457 1299 4525 Rutilius
1322 4461 1386 4526 hoc
