3052 5024
220 303 307 360 LXVI
653 305 933 358 PROLEGOLOENA.

218 468 275 534 lib.
290 466 339 532 III
358 466 536 532 “Romanis
559 465 645 531 ludis
663 466 753 531 forus
772 467 850 532 olim
871 469 1002 531 ornatus
1023 466 1207 532 lucernis’'.'
1246 465 1367 533 Charis.

220 575 370 660 p.‘71,27
397 574 515 650 ‘forum
537 578 652 639 neutm
677 594 792 660 genere
808 625 814 638 .
830 626 836 638 .
852 625 859 639 .
874 574 1021 658 quamuis
1039 625 1045 638 .
1062 572 1248 639 ..Lucilius
1270 595 1368 660 nego-

219 684 340 749 tiorum
364 681 471 747 forum
493 682 669 762 masculine
693 679 844 747 extulerit
866 681 951 746 libro
970 679 1018 746 III
1037 680 1151 747 “forus
1175 680 1252 747 olim
1276 703 1369 748 orna-

220 793 273 854 tus
295 789 480 855 lucernis'’.'

307 895 391 962 Non
417 920 448 981 p.
467 895 582 980 219‚4
614 894 794 980 ‘palumbes
826 893 982 961 feminino
1010 894 1174 982 Vergilius
1206 897 1240 961 in
1272 895 1368 961 bucc-

219 1003 291 1068 licis
315 1001 422 1089 (157)
446 1003 528 1068 “nec
552 1006 662 1067 tamen
685 1004 808 1067 interes
829 1022 952 1087 raucae,
975 1006 1031 1067 tua
1055 1024 1138 1087 curs,
1161 1002 1367 1104 palumbes':

220 1109 397 1175 masculino
408 1109 552 1175 Lucilius
566 1108 621 1174 lib.
631 1107 728 1174 XIIII
743 1109 955 1194 “macrosque
969 1109 1153 1194 palumbes.
1165 1162 1171 1173 .
1182 1108 1214 1173 .'’
1245 1107 1366 1174 Charis.

218 1239 248 1300 p.
266 1215 339 1300 106,
358 1216 402 1281 24
425 1216 604 1301 ‘palumbes
627 1214 793 1303 Vergilius
818 1216 974 1281 feminino
997 1237 1112 1302 genere
1136 1217 1218 1280 dixit
1240 1215 1367 1281 “aeriae

218 1345 281 1407 quo
310 1344 498 1410 congessere
526 1322 717 1406 palumbes''
746 1321 864 1410 (bucol.
888 1321 936 1387 III
960 1321 1017 1409 69)
1045 1324 1123 1387 item
1147 1323 1284 1388 “raucae
1311 1326 1367 1387 tua

217 1450 294 1495 cura
316 1429 508 1513 palumbes''
533 1425 567 1515 (l.
585 1452 608 1494 s.
626 1427 642 1493 I
657 1426 714 1516 bl)
735 1430 791 1494 sed
808 1428 952 1495 Lucilius
970 1427 1066 1495 XIIII
1083 1431 1259 1495 masculine
1278 1430 1367 1494 “ma-

217 1557 353 1621 crosque
390 1537 579 1620 palumbes’'
597 1587 603 1599 .
619 1588 624 1599 .
641 1534 659 1601 .'
715 1535 803 1614 Quos
836 1538 926 1601 locos
957 1536 1075 1602 Lucilii
1107 1559 1124 1600 e
1156 1538 1366 1623 grammatico

216 1647 364 1728 sumptos
383 1665 452 1709 esse
471 1642 612 1709 aNonio
629 1643 703 1707 inde
717 1646 766 1708 est
780 1642 995 1728 manifestum,
1015 1643 1101 1728 quod
1113 1643 1215 1708 libros
1228 1642 1366 1708 l-XXI

215 1772 282 1815 non
313 1749 456 1836 appellat
486 1756 667 1834 sampsorum
698 1750 849 1837 genetiuo
882 1749 1020 1835 adiecto,
1057 1751 1153 1816 sicuti
1184 1749 1262 1815 fecit
1293 1771 1365 1816 cum

216 1856 392 1943 exemplari
415 1879 473 1922 suo
497 1858 600 1922 utitur
623 1856 749 1921 Lucilii.

304 1964 453 2049 Denique
485 1987 502 2029 e
530 1962 635 2048 Capro
668 1967 797 2048 sumpta
829 1985 898 2029 esse
924 1967 1014 2049 patet
1042 1985 1078 2028 ea
1106 1985 1187 2048 quae
1214 1963 1367 2049 leguntur

216 2069 337 2137 Charis.
361 2095 392 2158 p.
409 2069 540 2157 145,19

305 2194 462 2280 ‘Torques
489 2195 543 2260 hic
571 2199 602 2260 et
630 2195 709 2260 haec
736 2198 868 2278 torques
895 2195 1109 2280 nominatiuo,
1137 2199 1174 2260 ut
1202 2199 1233 2260 et
1256 2195 1309 2261 hic
1333 2200 1365 2260 et

303 2302 383 2367 haee
415 2323 509 2367 canes
541 2324 560 2366 a
592 2299 717 2367 Lucilio
749 2300 833 2366 libro
865 2300 881 2365 Ι
913 2301 1035 2367 dictum
1067 2302 1219 2388 legimus:
1256 2304 1364 2386 itaque

304 2408 423 2474 dixisse
447 2412 572 2474 ueteres
592 2407 695 2495 Caper
713 2408 764 2474 his
783 2407 939 2493 exemplis
957 2409 1063 2475 docet:
1086 2408 1236 2475 Laeuius’
1255 2431 1280 2474 e.
1295 2432 1325 2494 q.
1340 2433 1363 2474 s.

302 2513 482 2601 p.125,20
506 2512 619 2581 ‘Canes
642 2513 786 2581 LueiIius
809 2513 825 2579 l
849 2514 1006 2580 “inritata
1028 2537 1122 2581 canes
1146 2538 1242 2600 quam
1266 2516 1363 2580 homo

303 2644 399 2706 quam
422 2620 551 2707 planius
574 2620 677 2686 dicit”
700 2643 759 2707 pro
783 2621 892 2688 canis?

214 2744 277 2811 Sed
295 2747 368 2811 aliis
387 2767 515 2831 quoque
528 2745 609 2811 locis
624 2745 830 2812 manifestum
845 2750 892 2813 est
907 2748 1152 2833 grammaticum
1167 2747 1362 2832 exscriptum

213 2875 282 2919 esse
302 2853 388 2938 apud
407 2851 598 2935 Charisium,
622 2854 678 2937 qui
696 2857 842 2919 accurate
861 2853 1024 2938 exemplar
1042 2853 1159 2919 Lucilii
1179 2854 1362 2937 inspexerit.

212 2959 324 3025 Veluti
347 2983 378 3044 p.
394 2959 446 3044 78,
462 2959 503 3023 12
527 2959 567 3024 de
588 2958 715 3024 Lucilio
740 2960 817 3024 dicit

303 3064 452 3150 ‘denique
488 3069 520 3129 et
557 3067 591 3130 in
626 3066 711 3132 libro
733 3064 831 3131 VIIII
864 3067 910 3132 sie
943 3069 990 3132 ait
1021 3067 1066 3154 (ιι.
1085 3068 1150 3133 362
1162 3064 1239 3154 seq.)
1260 3072 1362 3132 ...et

212 3175 309 3258 paulo
332 3177 409 3259 post
432 3170 592 3260 (sequitur
615 3196 644 3237 u.
669 3171 770 3261 366).’
816 3172 861 3238 llt
884 3175 994 3240 eodem
1017 3176 1113 3241 modo
1136 3198 1167 3259 p.
1182 3175 1233 3260 94,
1249 3176 1293 3239 23

301 3298 369 3363 ‘sed
401 3299 510 3382 inepta
541 3299 620 3364 haec
652 3320 721 3364 esse
748 3297 892 3363 Lucilius
922 3298 1015 3364 docet
1047 3301 1102 3384 qui
1135 3301 1231 3364 etiam
1263 3300 1362 3365 medi-

301 3426 412 3471 corum
435 3403 575 3489 forcipes
599 3405 678 3470 dicit
700 3405 783 3470 libro
802 3403 849 3470 XI
873 3403 916 3492 (u.
931 3406 994 3472 401
1005 3408 1085 3492 seq.)
1101 3458 1107 3470 .
1124 3458 1130 3471 .
1145 3458 1151 3471 .
1167 3407 1245 3471 item
1263 3409 1360 3491 paulo

300 3515 375 3597 post
398 3508 558 3598 (sequitur
580 3534 611 3576 u.
634 3511 700 3576 403
709 3508 809 3597 seq.).'

211 3636 357 3720 Vtroque
388 3635 461 3701 loco
492 3637 613 3701 iustum
642 3659 793 3702 uersuum
820 3637 979 3722 ordinem,
1012 3639 1116 3722 qualis
1143 3638 1248 3704 fuerat
1275 3638 1360 3725 apud

211 3741 381 3826 Lucilium,
404 3742 545 3808 seruauit
569 3745 798 3829 grammaticus
826 3743 923 3829 idque
950 3744 997 3810 ita
1019 3767 1053 3810 se
1076 3746 1181 3811 facere
1204 3744 1360 3810 indicauit

210 3849 332 3914 lectori.
377 3848 421 3913 nt
444 3851 541 3934 poulo
564 3854 639 3935 post
660 3874 691 3936 p.
707 3851 794 3936 96,9
816 3850 955 3938 legimus

300 3973 428 4041 <alicam
460 3975 529 4040 sine
561 3974 779 4061 adspiratione
810 3976 930 4042 dictam
957 3975 1091 4042 Verrius
1122 3977 1221 4042 tradit
1252 3980 1285 4042 et
1312 3978 1360 4042 sib

299 4082 395 4147 multi
414 4081 563 4147 dixerunt
581 4081 730 4167 quamuis
743 4081 887 4148 Lucilius
901 4082 963 4148 XV
982 4083 1100 4149 “nemo
1119 4090 1168 4149 est
1186 4082 1359 4149 belisarius

298 4188 458 4275 posterior
480 4189 536 4254 te’'
560 4209 634 4253 cum
657 4188 873 4273 adspiratione
896 4190 1025 4255 dixerit'
1049 4189 1093 4279 (u.
1108 4188 1197 4278 496).

211 4310 298 4390 Quae
321 4313 430 4378 omnia
452 4336 492 4379 ex
511 4312 607 4398 Capri
628 4313 722 4378 libris
746 4318 875 4400 sumpta
897 4337 967 4381 esse
989 4316 1201 4401 probabiliter
1219 4315 1359 4382 arbitror

210 4441 279 4485 esse
306 4420 519 4486 statuendum.
564 4417 660 4485 Hunc
687 4421 788 4506 igitur
814 4421 934 4507 ubique
957 4424 1076 4488 omisso
1099 4423 1250 4510 genetiuo
1272 4428 1358 4489 sota
