3052 5024
124 337 127 342 -
217 300 306 354 XXIV
647 300 926 353 PROLEGOMENA.

305 462 460 548 Aequalis
488 463 589 549 igitur
614 463 682 527 fers
710 465 779 527 erat
800 461 835 526 Ρ.
845 459 984 528 Cornelii
1008 461 1168 548 Scipionis
1191 460 1365 529 Aemiliani

220 572 275 656 qui
302 575 397 636 natus
425 574 494 636 erat
520 591 604 635 anno
632 568 781 655 569s185
810 567 888 655 (cie.
913 569 950 634 de
977 567 1077 655 rep.l
1105 570 1148 636 23
1175 569 1244 635 Liu.
1259 568 1365 636 XLIV

217 678 270 764 44,
289 676 338 765 3):
363 676 489 743 Caietae
513 674 697 762 Scipionem
721 680 754 741 et
776 677 816 741 ad
838 676 1033 742 Lauernium
1063 677 1193 762 praedia
1216 681 1248 743 et
1270 678 1365 744 uillas

217 785 368 850 habuisse
388 807 469 869 quae
487 784 634 871 regiones
653 806 754 869 prope
773 785 891 849 absunt
909 806 928 848 a
948 784 1054 868 patria
1071 783 1189 850 Lucilii
1207 788 1366 851 testantur

219 891 282 957 Cic.
298 892 336 956 dc
355 895 433 957 orat.
448 889 480 955 Π
499 891 542 955 22
570 891 608 954 de
631 891 699 955 fato
722 890 835 976 fragm.
854 889 874 955 5
894 913 943 976 ap.
958 890 1099 956 Macrob.
1114 888 1179 955 Sat.
1193 888 1242 956 III
1262 891 1313 975 16,
1335 891 1366 956 3.

218 996 289 1075 Quo
312 1000 457 1082 tempore
479 1000 593 1061 nactus
616 997 658 1062 sit
681 997 743 1061 uiri
765 996 911 1081 primarii
933 996 1109 1062 amicitiam
1131 1018 1198 1063 non
1220 997 1374 1064 traditur.

219 1102 320 1170 Sicuti
343 1104 383 1169 de
406 1104 478 1169 aliis
501 1104 617 1188 poetis,
639 1103 685 1169 ita
709 1105 747 1168 de
766 1103 891 1169 Lucilio
910 1125 1039 1188 quoque
1058 1108 1167 1191 egerat
1185 1103 1313 1172 Atticus
1332 1105 1367 1170 in

218 1212 326 1277 annali
353 1214 386 1276 et
413 1214 535 1276 certum
562 1211 676 1276 aetatis
704 1233 824 1276 annum
852 1211 891 1275 de
918 1210 987 1276 uita
1013 1215 1127 1296 poetae
1150 1212 1270 1277 eruisse
1293 1235 1365 1278 eum

218 1319 358 1385 conicias
382 1341 421 1383 ax
444 1319 540 1389 titulo
565 1318 670 1402 operis
701 1320 733 1383 et
760 1340 800 1382 ex
823 1317 891 1382 cius
914 1318 1067 1403 reliquiis.
1113 1317 1259 1384 Adnotat
1281 1321 1366 1386 enim

217 1423 377 1491 Asconius
414 1425 448 1489 in
481 1423 643 1489 Ciceronis
673 1423 847 1490 Pisoniana
882 1447 913 1509 p.
934 1424 990 1509 12,
1017 1424 1038 1489 9
1069 1425 1107 1490 Κ.
1124 1424 1155 1490 S.
1179 1421 1311 1512 (testim.
1332 1425 1366 1513 7)

218 1530 375 1597 ‘Tradunt
401 1535 434 1596 et
456 1529 611 1599 Antiochi
640 1532 726 1618 regis
749 1532 817 1597 filio
842 1530 947 1597 obsidi
977 1530 1107 1597 domum
1130 1533 1259 1617 publice
1283 1534 1367 1599 aedi-

177 1636 179 1639 ’
217 1640 362 1723 ficatam,
389 1638 474 1703 inter
504 1658 584 1723 quos
607 1636 737 1704 Atticus
760 1639 794 1702 in
817 1637 925 1703 annali
949 1636 1112 1725 (fragmd
1135 1639 1263 1725 Peter),
1286 1661 1368 1724 quae

218 1749 330 1831 postea
357 1745 476 1811 dicitur
504 1743 623 1811 Lucilii
650 1748 764 1831 poetae
791 1744 911 1810 firisse'.
953 1741 1136 1812 Antiochus
1159 1751 1209 1812 est
1230 1747 1368 1834 Magnus

217 1852 273 1917 ille
301 1875 396 1936 quem
423 1851 458 1917 L.
466 1851 633 1918 Cornelius
662 1850 771 1937 Scipio
799 1852 880 1919 uicit
908 1873 991 1918 anno
1022 1850 1185 1937 564s190:
1209 1855 1296 1920 filius
1319 1859 1369 1921 est

218 1959 399 2026 Antiochus
421 1957 470 2024 IV
496 1958 697 2044 Epiphanes,
725 1960 780 2044 qui
807 1981 865 2044 per
891 1980 993 2025 annos
1015 1958 1094 2024 XIV
1122 1961 1216 2027 obses
1245 1960 1368 2028 Itomae

55 466 100 513 Quo
114 469 204 515 tempora

31 519 119 559 Ronmm
134 520 217 559 maerit

218 2070 434 2133 commoratus
458 2069 514 2150 est,
536 2066 739 2131 nobilissimo
763 2067 878 2151 cuique
901 2066 1032 2150 amicus,
1054 2090 1073 2131 a
1097 2071 1212 2134 senatu
1235 2069 1369 2134 comIter

218 2177 373 2240 tractatus
397 2177 429 2238 et
450 2174 590 2238 humane
614 2169 697 2259 (Liu.
712 2171 803 2239 XLII
821 2174 852 2257 6,
870 2170 914 2261 9).
960 2171 1056 2239 Anno
1085 2174 1235 2260 etesiis
1259 2174 1368 2242 fratris

218 2281 305 2346 filius
322 2280 507 2346 Demetrius
525 2281 617 2346 obses
632 2279 769 2345 Romam
788 2280 906 2346 missus
925 2284 984 2365 est,
1001 2281 1056 2347 ille
1071 2282 1202 2347 domum
1216 2282 1368 2349 remissus

219 2387 371 2476 (Appian.
387 2387 456 2474 Syr.
470 2384 537 2473 45).
581 2387 701 2453 MansIt
723 2387 907 2453 Demetrius
925 2387 1047 2454 Itomae
1065 2410 1167 2474 usque
1189 2389 1230 2454 ad
1249 2412 1368 2456 annum

220 2494 301 2581 59ss
306 2496 383 2580 162,
406 2517 470 2580 quo
498 2517 582 2560 anno
605 2495 736 2580 Polybii
759 2516 857 2581 opera
879 2495 1007 2560 adiutus
1030 2496 1157 2582 aufugit
1180 2519 1277 2582 quam
1300 2520 1369 2562 rem

218 2602 416 2689 lepidissime
434 2602 579 2669 narrauit
597 2602 769 2669 historicus
788 2603 844 2668 lib.
858 2601 967 2667 XXXI
987 2623 1053 2687 cap.
1071 2603 1112 2667 19
1132 2623 1217 2687 seqq.
1260 2602 1369 2689 Atque

220 2711 426 2776 coniunctum
463 2733 537 2775 eum
573 2710 672 2776 fuisse
708 2709 851 2775 amicitia
888 2730 960 2774 cum
998 2707 1149 2793 Scipione
1185 2707 1368 2777 Aemiliano

218 2817 349 2902 Polybii
386 2817 482 2882 amici
518 2838 656 2902 persona
689 2811 812 2881 'indicio
854 2819 909 2882 est.
964 2815 1106 2881 Domum
1138 2820 1246 2881 autem
1278 2819 1369 2883 illam
1493 2881 1496 2885 .

220 2922 402 2991 OLucilius
425 2925 523 3008 paulo
545 2927 621 3007 post
644 2944 763 2987 annum
782 2920 932 3008 confles
952 2923 1066 2989 emisse
1085 2922 1213 2989 uidetur
1232 2926 1370 2990 censori-

219 3033 279 3097 bus
306 3030 341 3095 P.
351 3029 499 3096 Cornelio
522 3028 710 3114 M.Popillio
743 3052 827 3095 anno
860 3028 1005 3114 teones
1039 3031 1129 3096 cuius
1162 3032 1369 3119 magistratus

220 3138 318 3204 fucrit
331 3137 424 3203 aedes
438 3137 583 3222 publicas
598 3136 735 3201 uendere
750 3133 985 3222 (Mommsenus
1002 3138 1041 3202 de
1055 3138 1124 3202 iure
1142 3137 1230 3223 publ.
1245 3160 1275 3223 p.
1290 3138 1328 3203 It.
1338 3138 1371 3205 Π

222 3247 239 3309 1
265 3244 374 3322 (1887)
401 3267 432 3330 p.
451 3242 541 3332 438).
588 3242 691 3321 Quam
719 3243 850 3309 domum
880 3248 1010 3310 senatus
1037 3244 1183 3310 uendidit
1209 3245 1296 3311 haud
1323 3247 1370 3312 in·

220 3352 315 3416 uitus.
361 3349 487 3436 Nempe
514 3351 646 3436 patebat
672 3351 751 3438 fuga
779 3349 936 3417 Demetrii
958 3350 1081 3417 Itomae
1105 3351 1232 3418 obsides
1255 3374 1370 3437 parum

221 3481 289 3524 esse
312 3461 401 3523 tutos
424 3480 505 3542 quos
529 3459 629 3523 satius
652 3462 721 3523 erat
742 3462 851 3525 tenere
873 3459 908 3523 in
934 3458 1119 3543 municipiis
1141 3459 1244 3523 ueluti
1267 3456 1371 3525 Albae

220 3565 355 3632 Fucenti
376 3566 453 3631 alibi
468 3562 561 3653 (conf
574 3565 793 3632 Mommsenus
814 3565 853 3631 de
871 3566 939 3631 iure
957 3565 1044 3650 publ.
1060 3589 1090 3651 p.
1105 3565 1143 3629 R.
1157 3563 1205 3631 III
1223 3566 1244 3630 2
1260 3567 1370 3644 (1888)

221 3672 370 3758 p.1110,
389 3673 434 3756 2).·
485 3670 591 3738 Simili
622 3673 867 3738 ratiocinatione
900 3695 993 3738 usum
1025 3673 1126 3738 fuisse
1157 3670 1304 3739 Atticum
1337 3675 1371 3740 in

221 3779 328 3845 annali
351 3779 517 3864 probabile
545 3783 594 3844 est
622 3801 703 3864 quae
731 3802 768 3846 ea
789 3801 824 3845 re
847 3779 1071 3845 tantummodo
1094 3780 1246 3846 incertior
1267 3782 1371 3866 possit

221 3887 324 3952 uideri
348 3886 434 3972 quod
457 3886 570 3951 domus
593 3886 681 3952 illius
704 3887 811 3974 regiae
834 3888 918 3952 inter
937 3885 1138 3953 Demetrium
1157 3890 1190 3953 et
1208 3886 1370 3954 Lucilium

115 4054 118 4065 ,
222 3995 321 4060 alium
339 3993 566 4079 interpositum
584 3993 683 4059 fuisse
702 3993 927 4060 domnaedium
946 3994 1092 4060 conicias.
1129 3992 1244 4080 Neque
1262 3998 1371 4077 tamen

221 4099 355 4169 Asconii
372 4101 472 4166 uerba
490 4123 528 4165 ea
545 4103 621 4166 sunt
640 4100 756 4185 quibus
776 4103 873 4167 talem
892 4101 1083 4167 sententiam
1097 4105 1191 4187 putes
1211 4124 1371 4169 commen·

222 4209 298 4273 dari.
344 4208 486 4274 Domum
514 4207 615 4295 igitur
641 4207 763 4295 regiam
791 4207 905 4273 habuit
932 4207 1076 4275 Lucilius
1099 4208 1221 4275 Romae
1251 4209 1308 4275 ubi
1331 4210 1371 4276 de

222 4316 323 4381 nimia
341 4315 485 4382 mercede
503 4316 629 4382 aedium
654 4315 924 4381 conducticiarum
944 4315 1001 4382 illo
1024 4322 1168 4402 tempore
1189 4340 1245 4383 rex
1264 4318 1371 4384 Ptole-

223 4444 333 4489 maeus
356 4427 550 4508 conquestus
573 4427 623 4490 est
645 4427 774 4490 auctore
796 4422 939 4488 Diodoro
962 4422 1070 4490 XXXI
1090 4423 1141 4511 18,
1160 4425 1189 4490 2.
