3052 5024
221 308 282 364 LVI
630 307 909 360 PROLEGOMENA.

222 470 363 537 Fannius
387 470 564 553 constituit,
588 469 683 536 sicuti
707 491 803 553 supra
826 469 902 553 dixi,
925 469 1016 534 festis
1037 469 1230 554 quibusdam
1249 472 1371 559 diebus,

223 601 342 663 eosque
364 579 452 664 ipsos
476 578 542 643 dies
566 577 759 659 nominauit,
787 577 922 661 aliorum
948 580 1054 642 autem
1078 577 1201 643 dierum
1225 581 1370 646 omnium

223 687 257 766 in
280 685 424 771 singulos
452 684 519 749 dies
548 687 711 768 sumptum
741 683 871 748 inclusit
901 683 985 748 intra
1012 684 1093 749 aeris
1120 684 1198 749 alias
1222 687 1371 772 tricenos,

223 793 302 857 alias
332 791 438 856 denos.
485 790 551 855 Lex
580 788 692 855 deinde
720 788 844 854 Licinia
870 794 984 876 rogata
1011 794 1059 855 est
1162 793 1258 858 huius
1289 795 1370 880 legis

223 899 361 964 Laeuius
388 901 484 982 poeta
511 896 658 962 meminit
685 897 719 960 in
737 895 984 982 Erotopaegniis
1004 948 1010 959 .
1027 949 1032 960 .
1049 949 1054 959 .
1074 896 1217 963 Lucilius
1243 921 1371 985 quoque

223 1007 304 1093 legIs
332 1005 426 1070 istius
454 1004 601 1069 meminit
628 1004 662 1067 in
689 1004 740 1068 his
767 1003 874 1068 uerbis
898 1002 1026 1089 “legem
1054 1004 1194 1070 ultemus
1221 1004 1372 1072 Licini'’.'

224 1113 369 1198 Apparet
383 1109 514 1177 Ateium
534 1111 629 1176 sicuti
649 1111 687 1175 de
705 1111 777 1197 lege
795 1109 919 1175 Fannia
936 1111 982 1175 ita
1001 1111 1039 1176 de
1052 1110 1177 1177 Licinia
1195 1112 1372 1198 inspexisse

224 1220 341 1286 Lucilii
365 1218 611 1285 commentarios
635 1217 690 1282 ubi
712 1216 752 1282 ed
774 1216 1014 1282 hemistichium
1039 1240 1061 1282 s.
1078 1241 1100 1282 s.
1116 1219 1240 1283 inuenit
1262 1219 1374 1285 Laeuii

225 1348 337 1392 uersus
360 1326 395 1390 in
413 1324 629 1408 adnotatione,
647 1325 754 1388 locum
773 1323 890 1389 Lucilii
909 1324 1010 1407 ipsius
1029 1325 1144 1390 ultimo
1163 1326 1236 1390 loco
1255 1328 1372 1410 posuit.

106 1452 226 1493 amount
316 1431 379 1497 Sed
398 1453 478 1515 quae
502 1431 536 1495 in
556 1430 793 1496 commentariis
814 1430 878 1494 illis
897 1430 937 1495 ad
954 1429 1071 1495 Lucilii
1089 1432 1178 1496 locos
1203 1454 1225 1496 s.
1242 1454 1264 1496 s,
1285 1438 1375 1499 erant

226 1540 344 1625 partim
372 1541 458 1603 recte
485 1538 604 1622 partim
635 1538 718 1601 falso
746 1537 906 1622 exposita,
934 1559 972 1602 ea
998 1538 1148 1602 uidentur
1172 1561 1239 1604 esse
1263 1539 1375 1604 etiam-

227 1667 313 1711 nunc
342 1644 502 1729 copiosius
531 1647 657 1709 seruata
684 1645 724 1709 ab
753 1645 809 1708 illo
840 1645 994 1728 scriptore
1019 1645 1075 1728 qui
1099 1644 1137 1709 de
1160 1646 1287 1711 luxuria
1309 1648 1377 1733 egit

229 1770 323 1838 quem
343 1752 526 1817 Macrobius
544 1753 579 1816 in
598 1749 821 1817 Saturnalibus
835 1749 884 1816 III
904 1773 993 1836 capp.
1012 1752 1052 1816 16
1067 1756 1100 1816 61
1121 1752 1160 1816 17
1180 1752 1376 1837 compilauit.

227 1860 259 1926 Is
282 1861 422 1946 primum
442 1862 550 1946 egerat
568 1858 619 1923 ide
642 1878 824 1941 acupensere
853 1880 948 1942 quem
972 1859 1068 1923 etiarn
1092 1858 1235 1923 Lucilius
1259 1880 1378 1924 memo·

227 1969 325 2033 ranit:
341 1968 379 2032 de
394 1989 457 2050 quo
470 1965 619 2031 Verrium
634 1965 785 2031 Flaccum
800 1966 903 2052 egisse
919 1988 1015 2050 supra
1028 1989 1058 2050 p.
1073 1964 1148 2030 LIII
1162 1967 1377 2050 exposuimus.

229 2074 383 2141 Adfertur
396 2076 502 2138 autem
518 2073 603 2158 apud
616 2070 817 2137 Macrobium
832 2073 851 2136 l.
867 2094 890 2137 s.
913 2072 963 2155 16,
984 2073 1000 2135 1
1021 2071 1129 2137 Plauti
1147 2073 1237 2137 locus
1252 2074 1378 2158 amplus

230 2206 246 2247 6
274 2181 421 2264 Bacaria,
452 2181 536 2245 unde
569 2178 707 2244 efficitur
736 2179 959 2264 antiquissimo
987 2183 1117 2245 auctore
1145 2180 1193 2244 uti
1221 2178 1379 2245 Macrobii

230 2293 407 2371 auctorem,
441 2309 513 2352 cum
541 2287 637 2351 huius
666 2286 794 2351 fabulae
822 2287 899 2351 alibi
927 2308 986 2352 nec
1013 2289 1088 2352 uola
1115 2307 1175 2350 nec
1202 2287 1376 2373 uestigium

134 2438 138 2446 ·
231 2400 332 2481 extet3
355 2400 425 2461 tum
449 2393 612 2459 Ciceronis
634 2397 724 2460 locus
749 2417 766 2458 6
788 2394 872 2458 libro
897 2394 935 2458 de
958 2395 1037 2478 fato,
1060 2414 1124 2478 quo
1147 2394 1234 2458 hunc
1256 2393 1379 2478 piscem

232 2504 317 2589 apud
341 2501 525 2587 Scipionem
548 2499 766 2568 Aemilianum
791 2523 916 2567 summo
939 2500 1039 2566 fuisse
1059 2502 1093 2565 in
1110 2501 1232 2566 honore
1251 2501 1380 2566 demon-

233 2615 358 2676 stretur.
404 2608 521 2674 Lucilii
544 2631 656 2674 uersus
680 2609 719 2673 de
743 2629 944 2692 acupensere,
968 2608 1023 2692 qui
1047 2608 1126 2673 alias
1149 2608 1183 2672 in
1206 2608 1381 2673 eiusmodi

232 2719 312 2783 locis
331 2718 446 2781 ultimo
464 2718 537 2782 loco
557 2715 752 2799 adferuntur,
769 2737 833 2780 non
850 2716 968 2780 seruati
983 2719 1058 2780 sunt
1073 2715 1158 2800 apud
1171 2712 1380 2780 Macrobium.

233 2825 315 2889 Turn
340 2824 445 2910 agitur
469 2823 508 2887 de
530 2822 681 2887 Tiberino
704 2824 782 2906 lupo
809 2843 874 2906 cap.
892 2821 943 2905 16,
964 2822 1002 2885 11
1028 2820 1125 2898 ‘Quid
1149 2827 1336 2906 stupemus.
1353 2874 1358 2885 ,
1375 2874 1381 2886 .
1401 2893 1407 2905 ,

234 2954 306 2996 cum
330 2931 365 2994 in
385 2982 390 2992 .
407 2981 412 2992 .
430 2981 434 2991 .
455 2929 594 2993 maximo
614 2929 699 3012 apud
716 2928 870 3015 prodigos
888 2929 1011 2994 honore
1028 2929 1127 2994 fuerit
1145 2930 1242 2995 etiam
1262 2928 1382 2994 Tiberi·

233 3061 294 3104 nus
317 3039 412 3121 lupus
436 3040 468 3100 et
491 3035 622 3100 omnino
646 3057 757 3101 omnes
780 3059 819 3101 ex
842 3036 905 3100 hoo
928 3037 1015 3100 amni
1041 3036 1184 3121 pisces?'
1231 3035 1384 3121 Sequitur

234 3144 389 3210 Varronis
421 3144 511 3208 loeus
544 3165 583 3206 ex
613 3140 660 3206 XI
690 3165 797 3207 rerum
830 3144 1057 3228 humanarum,
1089 3147 1159 3208 tum
1191 3143 1255 3209 hoc
1286 3143 1382 3208 modo

235 3252 353 3338 pergit:
378 3247 478 3316 ‘Haec
501 3248 604 3314 Varro
629 3250 667 3314 de
691 3251 840 3315 omnibus
864 3250 986 3316 scilieet
1008 3250 1105 3315 huius
1128 3251 1271 3316 fluminis
1288 3252 1383 3335 pisci-

235 3360 309 3442 bus,
333 3358 387 3423 sed
415 3357 498 3422 inter
525 3378 593 3440 eos,
622 3361 660 3421 ut
687 3379 782 3441 supra
809 3356 890 3441 dixi,
921 3357 1130 3442 praecipuum
1157 3356 1264 3422 locum
1286 3357 1384 3442 lupus

236 3464 341 3530 tenuit
368 3468 401 3528 61
428 3464 556 3548 quidem
584 3464 626 3548 is,
656 3465 711 3547 qui
739 3464 822 3530 inter
852 3463 932 3529 duos
960 3467 1075 3548 pontes
1099 3468 1212 3548 captus
1235 3467 1325 3529 esset.
1351 3464 1385 3529 id

238 3571 411 3636 ostendunt
443 3591 515 3635 cum
545 3569 639 3635 multi
672 3568 740 3654 alii,
771 3574 841 3636 tum
873 3571 970 3635 etiam
999 3569 1032 3635 0.
1047 3570 1166 3656 Titius,
1197 3572 1248 3636 uir
1270 3571 1384 3638 aetatis

237 3678 430 3761 Lucilianae,
452 3677 487 3742 in
510 3678 663 3761 oratione,
686 3700 750 3762 qua
771 3679 875 3764 legem
895 3676 1050 3743 Fanniam
1076 3678 1196 3743 suasit.
1213 3730 1218 3741 .
1236 3731 1241 3741 .
1261 3678 1307 3743 sic
1326 3679 1384 3743 ait:

238 3784 378 3851 “ludunt
413 3784 483 3851 alea
501 3837 507 3848 .
528 3837 534 3847 .
555 3837 560 3848 .
584 3786 697 3870 lupum
734 3806 920 3870 germanum
958 3786 1015 3870 qui
1044 3786 1128 3850 inter
1158 3785 1238 3851 duos
1269 3789 1385 3870 pontes

239 3896 351 3978 captus
373 3892 485 3957 saw
508 3892 588 3958 haec
610 3891 723 3956 Titius.
765 3889 828 3957 Sed
847 3895 879 3957 61
901 3890 1055 3976 Lucilius,
1078 3914 1151 3959 acer
1173 3896 1206 3958 et
1223 3892 1386 3958 uiolentus

238 4004 343 4085 poeta,
366 4000 506 4065 ostendit
529 3999 610 4064 scire
629 4020 662 4063 se
680 3999 768 4063 hunc
785 3999 950 4083 piscem..
967 4052 972 4063 .
992 4021 1129 4084 eumque
1148 4000 1240 4084 quasi
1258 4000 1386 4086 ligurri-

239 4112 342 4173 torem
366 4106 550 4173 catillonem
578 4107 732 4191 appellat,
763 4105 886 4172 scilicet
908 4107 965 4191 qui
986 4108 1133 4192 proxime
1155 4108 1241 4192 ripas
1265 4111 1386 4172 stercus

241 4215 457 4279 insectaretur.
501 4214 630 4298 proprie
667 4217 774 4278 autem
812 4212 977 4279 catillones
1014 4215 1214 4300 dicebantur,
1254 4214 1309 4299 qui
1347 4213 1387 4278 ad

240 4321 419 4405 polluctum
442 4318 592 4385 Herculis
619 4320 726 4385 ultimi
754 4341 827 4385 cum
854 4312 1014 4406 uenirent,
1036 4322 1162 4387 catillos
1184 4321 1386 4408 lignrribcnt.

241 4425 358 4493 Lucilii
394 4449 505 4496 uersus
542 4431 617 4493 sunt
647 4428 682 4493 hi
715 4424 838 4517 (incert.
862 4451 892 4493 u.
919 4427 1004 4495 1174
1032 4427 1134 4518 seqq.)
1166 4429 1312 4518 “fingere
1344 4465 1387 4478 -
