3052 5024
592 289 870 341 PROLEGOMENA.
1215 287 1305 341 XXXI

158 452 266 538 Scipio
294 462 374 517 uero
400 455 433 516 et
458 450 600 517 Rutilius
627 450 730 516 multo
759 450 875 537 magis,
903 472 1039 535 quorum
1068 452 1123 516 ille
1149 451 1304 518 iudicium

156 559 368 625 reformidans
381 557 564 624 Tarentinis
583 559 628 624 aii
647 580 681 624 se
700 561 733 623 ct
746 554 950 624 Consentinis
967 562 999 623 et
1013 557 1131 624 Siculis
1145 559 1304 625 scribere'.

155 665 270 750 Itaque
293 664 497 732 statuendum
521 669 569 730 est
591 665 745 749 primum,
767 687 871 749 neque
895 663 1079 750 Scipionem
1101 688 1205 750 neque
1227 665 1305 730 Lae-
1433 713 1434 716 ,

156 774 237 839 lium
259 773 380 838 uidisse
403 776 582 838 saturarum
605 772 706 837 libros
729 769 807 836 XXI
830 772 952 856 priores
977 772 1100 852 ordine,
1128 772 1183 838 sed
1205 773 1305 838 fuisse

156 880 244 946 aliud
267 902 383 966 corpus
407 883 588 944 saturarum
611 878 698 963 quod
721 878 770 943 illi
787 880 925 965 legerint
944 883 976 945 et
993 880 1170 966 probarint,
1192 880 1305 946 deinde

156 987 219 1054 hoc
247 1009 365 1073 corpus
391 1009 458 1054 uon
484 1008 578 1072 posse
605 1008 672 1052 non
698 1007 767 1052 esse
793 985 894 1052 libros
920 985 1175 1052 XXVI-xxx.
1219 985 1304 1053 Nam

156 1099 193 1160 ut
225 1096 407 1180 expositum
440 1098 489 1160 est
521 1095 560 1159 ad
592 1117 644 1159 uu.
671 1092 861 1178 587-596,
893 1094 977 1159 libro
999 1092 1109 1159 XXVI
1137 1094 1175 1159 de
1202 1116 1306 1159 nouae

157 1211 232 1267 suae
254 1215 388 1287 poeseos
412 1201 536 1267 ratione
553 1201 699 1266 Lucilius
722 1201 790 1287 egit
809 1201 901 1285 quasi
920 1202 960 1266 ad
979 1201 1162 1267 scribendas
1181 1204 1306 1266 saturas

157 1310 297 1394 primum
316 1309 514 1396 aggrediens.
556 1306 652 1373 Liber
670 1308 771 1394 igItur
787 1305 897 1373 XXVI
915 1308 1059 1374 omnium
1078 1308 1201 1394 primus
1221 1330 1305 1374 com-

156 1417 282 1500 positus
310 1420 366 1481 est.
414 1414 547 1492 Quando
575 1436 652 1480 uero
676 1414 821 1481 Lucilius
845 1415 987 1500 coeperit
1010 1418 1135 1481 saturas
1158 1414 1306 1499 scribere,

158 1527 290 1607 apparet
312 1523 367 1587 lib.
381 1520 491 1587 XXVI
513 1545 566 1587 uu.
586 1522 660 1588 620.
675 1522 753 1586 621:
1220 1532 1222 1536 ‘

200 1628 287 1693 hunc
308 1629 453 1702 lahorem
478 1651 599 1713 sumas,
621 1630 749 1694 laudem
773 1630 829 1714 qui
851 1629 913 1695 tibi
935 1652 973 1696 ac
995 1631 1138 1696 fructum
1161 1632 1257 1696 ferat:

35 1785 37 1787 .
177 1756 352 1820 percrepa
374 1757 517 1822 pugnam
540 1735 661 1821 Popili,
683 1736 770 1801 facta
793 1734 922 1802 Comeli
945 1758 1030 1803 cane.

156 1841 346 1928 Tanguntur
381 1846 491 1928 aperte
526 1864 576 1907 res
613 1847 687 1908 ante
718 1841 929 1909 Numantiam
966 1847 1083 1931 gestae.
1139 1843 1306 1910 Cornelius

157 1947 266 2034 Scipio
302 1948 514 2015 Numantiam
556 1949 674 2015 euertit
711 1971 795 2014 anno
833 1950 997 2035 621f133:
1037 1952 1172 2016 reuertit
1206 1952 1308 2038 igitur

155 2055 299 2123 Lucilius
323 2079 397 2123 cum
421 2058 613 2141 imperatore
636 2057 748 2121 codem
772 2079 869 2141 anno,
898 2079 982 2122 anno
1005 2058 1155 2143 622s132
1179 2081 1306 2124 currum

156 2164 387 2248 triumphantis
406 2167 535 2233 secutus
554 2167 603 2229 est
617 2185 690 2229 cum
706 2165 848 2230 exercitu
862 2165 994 2230 uictore.
1029 2164 1063 2231 N
1063 2187 1107 2230 ou
1120 2165 1306 2250 errabimus,

156 2272 184 2335 si
211 2293 295 2336 anno
324 2270 472 2355 623f131
501 2271 621 2337 librum
648 2269 759 2336 XXVI
786 2272 907 2337 aditum
936 2293 1004 2337 esse
1031 2293 1202 2356 ponemus,
1232 2273 1307 2356 quia

157 2382 244 2444 certa
261 2378 402 2465 uestigia
419 2379 454 2443 in
472 2377 529 2443 illo
548 2377 632 2443 libro
652 2381 771 2463 extant,
790 2379 906 2462 quibus
925 2381 1034 2444 adres
1054 2401 1137 2444 auno
1156 2378 1304 2463 623s131

157 2489 264 2572 gestas
305 2485 504 2551 deducimur:
545 2484 658 2550 uiuum
700 2489 865 2569 praeterea
902 2483 1086 2570 Scipionem
1125 2485 1164 2549 ab
1202 2485 1306 2550 amico

42 2589 57 2608 '
155 2591 248 2657 libris
274 2590 536 2658 XXVI-XXIX
567 2591 683 2657 lenIter
715 2592 908 2679 castigatum
941 2592 982 2657 ob
1015 2590 1170 2658 sermonis
1197 2589 1306 2656 Latini

56 2692 66 2713 '
156 2698 289 2765 nimiam
326 2699 519 2787 elegantiam
555 2698 702 2764 uersibus
740 2700 927 2784 septenariis
964 2702 1098 2785 apparet
1133 2698 1243 2764 iucert.
1275 2721 1306 2762 u.

157 2806 221 2872 963
232 2829 297 2893 seq.
316 2806 432 2891 quibus
452 2804 544 2870 illum
557 2806 712 2888 pertisum
731 2805 883 2870 maluisse
901 2805 1005 2871 dicere
1019 2829 1115 2891 quam
1128 2811 1306 2889 pertaesum

156 2936 213 2997 per
249 2914 355 2978 iocum
393 2912 590 3000 significauit
625 2912 798 2977 Lucilius
838 2911 921 2978 Tum
957 2914 1077 2979 librum
1104 2911 1229 2978 XXVII
1266 2913 1307 2978 ad

155 3018 189 3084 P.
200 3018 386 3105 Scipionem
418 3041 487 3085 esse
518 3020 674 3104 scriptum
706 3019 904 3086 ostendimus
937 3020 971 3085 in
1004 3021 1233 3087 commentario
1266 3020 1307 3085 ad

158 3149 186 3190 u.
211 3125 285 3192 688.
407 3139 409 3143 ’

244 3233 346 3300 Recta
360 3235 388 3311 si
401 3233 647 3319 disputauimus,
660 3255 790 3301 necesse
804 3239 853 3301 est
865 3235 942 3301 insit
951 3235 1043 3301 libris
1052 3232 1307 3299 XXVI—XXIX

157 3340 445 3407 —tricensimum
474 3343 560 3407 enim
589 3363 751 3408 secernere
779 3341 864 3407 malo
887 3380 929 3433 7-
955 3346 987 3407 et
1008 3342 1119 3427 Lupus
1146 3341 1251 3407 laesus
1275 3344 1307 3406 et

156 3446 305 3513 Metellus
343 3448 516 3513 secundum
553 3448 653 3514 uerba
685 3447 823 3515 Horatu.
877 3447 925 3514 Ac
957 3448 1067 3534 Lupus
1104 3448 1233 3534 quidem
1269 3452 1307 3513 ut

156 3556 260 3619 malus
288 3554 384 3620 iudex
411 3557 553 3641 carpitur
577 3556 661 3622 libro
684 3554 827 3621 XXVIII
849 3580 879 3621 u.
904 3557 1081 3642 784seqq.:
1113 3557 1152 3622 de
1174 3556 1306 3622 Metello

157 3660 331 3728 scholiasta
358 3684 537 3748 anonymus
566 3660 848 3750 (aesimedes)
876 3664 917 3728 ad
944 3662 1023 3729 Hor.
1048 3686 1139 3730 serm.
1163 3662 1305 3750 111‚67

157 3772 189 3833 et
222 3769 278 3853 72,
314 3770 366 3836 cui
402 3771 480 3845 satis
513 3770 665 3836 scientiae
696 3770 795 3836 fuisse
828 3770 866 3836 de
898 3770 1016 3836 Lucilii
1047 3773 1163 3838 saturis
1194 3774 1307 3855 postea

157 3876 336 3960 apparebit,
367 3878 439 3942 loco
472 3878 578 3962 priore
606 3877 751 3943 adnotat:
785 3876 941 3944 ‘Metellot
973 3877 1172 3945 Macedonici
1199 3879 1307 3961 filius’,

155 3984 229 4048 loco
247 3984 426 4067 posteriore
450 3982 485 4061 Q.
492 3981 666 4050 Caecilium
684 3984 851 4050 Metellum
869 3983 1122 4070 Macedonicum,
1146 3983 1306 4070 Scipionis

155 4089 323 4156 inimicum
351 4089 517 4157 aLucilio
545 4093 667 4157 laesum
696 4113 766 4158 esse
793 4091 878 4157 dicit.
924 4091 1092 4158 Metellum
1118 4090 1306 4175 Caprariam

155 4196 356 4264 Macedonici
383 4199 487 4264 filium
516 4221 535 4263 a
561 4202 658 4283 poeta
685 4199 814 4264 irrisum
838 4218 908 4265 esse
935 4199 1085 4284 probauit
1108 4195 1306 4263 Schmidtius

156 4304 196 4368 de
226 4303 309 4371 libro
332 4303 379 4369 IX
405 4304 524 4370 Lucilii
549 4306 620 4390 p.8
652 4305 744 4394 (conf
768 4328 848 4390 quae
877 4307 1100 4372 adnotauimus
1129 4305 1168 4370 ad
1196 4305 1307 4371 incest.

155 4433 185 4474 u.
208 4410 294 4476 1130
315 4411 370 4477 lib.
385 4411 417 4477 V
435 4436 465 4477 u.
484 4412 551 4476 210
561 4410 640 4499 seq.)
663 4434 767 4499 neque
790 4435 850 4502 ego
874 4414 1072 4500 negauerim:
1095 4417 1174 4497 puto
1198 4417 1308 4478 tamen
