3052 5024
583 332 862 384 PROLECOMENA.
1175 330 1300 386 LXXVII

153 495 249 560 modo
259 495 454 579 disputatur:
469 492 520 559 ‘In
530 514 605 560 casu
620 497 726 559 autem
741 494 846 577 dandi,
861 495 917 578 qui
926 494 1095 578 purissime
1104 495 1205 560 locuti
1217 499 1300 579 sunt,

154 623 221 667 non
245 599 387 666 “faciel''
411 601 460 665 uti
483 621 569 666 nunc
588 601 713 685 dicitur7
737 600 792 666 sed
812 601 941 667 “facie'’
962 601 1120 667 dixerunt.
1156 600 1300 668 Lucilius

155 709 190 773 in
211 708 328 774 saturis
348 705 636 795 (incert.u.125'l)
656 707 855 792 “primum'',
879 708 994 792 inquit,
1017 708 1122 775 “facie
1141 710 1227 793 quod
1244 710 1301 774 ho·

154 820 264 881 nestas
287 815 386 880 tantis
409 814 564 880 accedit',
605 814 750 880 Lucilius
774 815 808 878 in
825 815 909 880 libro
929 815 1067 901 septimo
1087 815 1131 903 (u.
1151 814 1300 904 aoseeq.)

154 923 235 1007 “qui
261 927 294 987 te
321 922 450 1008 diligat,
481 922 595 987 aetatis
622 922 767 1007 facieque
794 926 869 988 tuae
897 944 931 987 se
957 923 1116 989 fautorem
1145 923 1301 1007 ostendat,

153 1029 223 1095 fore
246 1027 386 1094 amicum
413 1028 636 1113 polliceatur''.
683 1027 766 1095 Sunt
788 1033 896 1094 tamen
918 1052 984 1095 non
1006 1030 1113 1115 pauci,
1137 1031 1193 1115 qui
1215 1035 1302 1095 utro·

155 1137 253 1221 bique
273 1135 398 1202 “fecii''
417 1135 546 1223 legant'.
572 1133 717 1221 Apparet
736 1134 875 1201 Gellium
894 1137 929 1201 in
946 1137 1053 1221 priore
1070 1136 1188 1202 Lucilii
1206 1159 1301 1201 uersu

154 1265 250 1308 usum
273 1265 343 1317 esse
364 1244 584 1329 grammatico,
607 1242 663 1327 qui
682 1243 802 1308 omisso
821 1265 954 1307 numero
973 1243 1049 1308 libri
1068 1243 1213 1308 attulerit
1232 1266 1302 1309 uer-

156 1373 211 1415 sus
235 1350 440 1435 scriptorum,
463 1349 565 1415 ueluti
584 1350 740 1415 ‘Lucilius
758 1350 793 1414 in
812 1351 951 1434 saturis',
974 1350 1111 1415 ‘Ennius
1130 1350 1164 1414 in
1182 1351 1302 1416 annali-

156 1458 239 1543 bus',
271 1457 449 1543 posteriore
474 1456 547 1523 loco
576 1458 640 1522 alio
668 1458 892 1543 grammatico,
923 1458 979 1542 qui
1009 1458 1168 1523 scribebat
1200 1457 1302 1523 ueluti

156 1564 312 1629 ‘Lucilius
336 1564 370 1628 in
392 1563 475 1629 libro
498 1562 585 1648 VII',
612 1565 813 1649 ineptissime
835 1587 912 1630 uero
937 1586 1009 1629 eum
1037 1587 1101 1630 una
1128 1564 1302 1630 collocasse

156 1671 218 1735 duo
247 1672 304 1736 illa
332 1670 449 1736 Lucilii
476 1671 658 1757 fragmenta
684 1672 718 1736 in
746 1671 933 1757 propatulo·
948 1676 1006 1737 est.
1056 1669 1165 1757 Atque
1196 1673 1303 1757 priore

155 1779 227 1843 loco
247 1778 358 1842 eodem
372 1778 500 1843 uidetur
513 1779 563 1844 uti
577 1779 798 1864 grammatico,
817 1800 881 1863 quo
895 1801 973 1844 usus
988 1782 1036 1844 est
1049 1777 1099 1844 IV
1114 1778 1164 1864 16,
1179 1779 1303 1865 bseqq„

155 1885 212 1950 ubi
235 1885 274 1950 de
297 1885 407 1950 datiuo
435 1907 502 1950 aaa
527 1888 613 1952 uicta
645 1885 805 1952 similibus
838 1886 914 1950 dum
942 1887 1011 1972 agit
1041 1886 1158 1951 Lucilii
1190 1908 1302 1952 uersus

155 1990 249 2055 affert
274 1989 351 2056 libri
382 1995 460 2057 nota
492 1993 619 2059 omissa.
669 1993 793 2058 Eodem
825 1993 921 2058 modo
948 1993 1109 2058 Lucilium
1140 1993 1232 2059 affert
1256 1991 1303 2059 VI

155 2097 186 2182 3,
200 2097 243 2162 28
262 2099 319 2163 ubi
337 2097 464 2184 Tirone,
482 2098 515 2165 ΙΙ
534 2100 577 2165 24
597 2098 689 2188 (conf
705 2121 802 2186 supra
819 2123 849 2186 p.
864 2097 937 2188 LV)
956 2100 1012 2166 ubi
1032 2099 1188 2186 Capitone
1206 2099 1302 2166 Ateio

155 2204 272 2290 utitur,
299 2204 379 2270 adde
402 2205 513 2271 XVIII
532 2206 562 2291 5,
582 2207 624 2272 10
651 2207 707 2272 ubi
735 2198 935 2294 peruulgatis
968 2229 1036 2273 sese
1063 2209 1112 2273 uti
1144 2229 1303 2274 commen-

155 2311 247 2376 tariis
272 2314 405 2396 exponit
427 2314 462 2378 in
484 2316 573 2379 exitu
597 2315 721 2399 capitis.
767 2301 837 2380 sed
852 2314 1029 2399 posteriore
1051 2315 1123 2381 loco
1146 2316 1202 2380 ubi
1225 2317 1303 2403 legi-

156 2429 210 2491 tur
246 2425 401 2491 ‘Lucilius
438 2422 473 2486 in
508 2421 592 2487 libro
629 2422 779 2506 septimo'
811 2421 977 2508 probabile
1014 2427 1062 2487 est
1090 2446 1164 2488 eum
1191 2424 1303 2488 eodem

156 2537 287 2599 auctore
314 2555 409 2599 usum
437 2551 508 2595 esse
536 2550 600 2614 quo
624 2533 719 2594 antea
746 2529 850 2593 utitur
876 2528 950 2593 inde
974 2551 993 2593 a
1014 2530 1073 2610 §6
1101 2530 1158 2595 ubi
1185 2529 1305 2615 legitur

158 2642 205 2706 ‘ut
234 2639 410 2706 Caesellius
443 2637 509 2702 ait'.
559 2635 629 2713 Qua
658 2637 693 2700 in
720 2639 811 2720 parte
843 2635 1031 2701 adferuntur
1058 2635 1207 2722 deinceps
1231 2635 1302 2724 (10)
1318 2657 1430 2752 cmeups
1448 2657 1498 2726 aa

157 2747 212 2813 εΜ.
228 2747 307 2812 Cato
332 2747 366 2811 in
385 2745 530 2811 oratione
546 2796 552 2808 .
568 2796 574 2808 .
590 2796 596 2809 .
610 2742 754 2808 Lucilius
773 2743 808 2807 in
826 2742 889 2808 XII
904 2795 910 2808 .
926 2796 932 2809 .
948 2796 955 2809 .
970 2741 1106 2809 Sisenna
1123 2745 1158 2808 in
1176 2743 1304 2809 histori-
1412 2722 1438 2751 α

157 2876 248 2920 arum
270 2853 355 2920 libro
379 2851 426 2919 VI
441 2905 447 2917 .
463 2904 470 2917 .
486 2851 667 2917 .Pacuuius
691 2851 725 2916 in
743 2850 845 2917 Paulo
860 2903 867 2917 .
883 2903 889 2916 .
905 2903 911 2916 .
927 2850 983 2916 Cn.
996 2850 1117 2917 Matius
1140 2852 1175 2916 in
1193 2851 1303 2917 Iliadis

157 2960 301 3028 XXI...
318 2961 402 3026 idem
421 2959 542 3024 Matius
561 2959 595 3023 in
612 2946 723 3023 XXIII
739 3011 744 3023 .
760 3011 767 3024 .
783 3010 789 3023 .
805 2957 838 3023 C.
850 2956 1011 3024 Gracchus
1030 2959 1069 3024 de
1087 2959 1214 3045 legibus
1232 2981 1305 3044 pro-

157 3069 311 3155 mulgatis
327 3121 332 3133 .
349 3119 378 3133 ..
398 3071 429 3132 et
452 3066 573 3132 ibidem
596 3065 680 3130 infra
694 3118 701 3131 .
717 3118 723 3130 .
739 3066 756 3129 .’
785 3066 870 3131 unde
897 3070 1031 3151 apparet
1058 3066 1303 3152 grammaticum

157 3175 250 3241 illum
274 3180 305 3241 et
328 3175 423 3240 Mutii
446 3178 478 3238 et
503 3171 637 3239 Gracchi
665 3173 764 3237 uerba
787 3173 898 3239 ordine
926 3173 1073 3259 legitimo
1101 3174 1223 3239 adferre
1251 3175 1304 3239 ad-

159 3283 287 3367 scripta.
334 3282 422 3360 Quae
446 3280 665 3346 sententioso
689 3282 939 3366 commendatur,
965 3281 1052 3365 quod
1073 3279 1168 3346 Mutii
1190 3285 1304 3366 poetae

157 3389 257 3455 uerba
280 3388 359 3454 alibi
382 3411 510 3474 quoque
530 3386 704 3453 Caesellius
728 3388 838 3452 attulit
857 3388 1042 3453 testimonio
1062 3387 1164 3453 ueluti
1183 3388 1305 3455 Charis.

158 3497 344 3582 p.117,13
373 3497 494 3562 ‘acrum
522 3501 631 3560 tamen
658 3517 717 3580 pro
745 3516 850 3560 acrem
884 3495 940 3561 Cn.
953 3495 1073 3561 Matius
1101 3494 1220 3562 Iliados
1242 3495 1305 3562 XV

157 3604 233 3688 <cct>
260 3603 388 3669 Vindex
415 3626 434 3668 a
465 3603 592 3668 lItterae
620 3601 746 3667 librol
776 3603 888 3670 notat'.
946 3601 1061 3688 Neque
1092 3604 1305 3670 dubitandum

158 3715 217 3795 est,
240 3711 318 3795 quin
342 3710 517 3776 Caesellius
540 3711 648 3795 ipsum
667 3708 829 3774 Lucilium
852 3709 1033 3796 perlegerit.
1075 3710 1178 3788 Quem
1200 3732 1305 3796 gram-

158 3819 312 3882 maticum
335 3840 430 3902 saepe
452 3820 592 3884 refutare
615 3820 656 3882 et.
671 3816 830 3902 corrigere
853 3817 1002 3882 studebat
1025 3816 1187 3904 Sulpicius
1205 3817 1304 3903 Apol-

157 3924 270 3990 linaris
298 3922 433 4013 (1116),
461 3946 525 4010 quo
553 3928 685 3989 auctore
716 3923 820 3989 utitur
851 3921 971 3989 Cellius
991 3922 1039 3988 IV
1060 3924 1148 4008 17‚1
1176 3924 1305 3990 ‘Lucilii

158 4055 198 4098 ex
221 4029 268 4095 XI
295 4053 408 4096 uersus
436 4034 512 4097 sunt
526 4082 533 4097 .
548 4082 577 4096 ..
597 4031 682 4096 idem
712 4030 796 4094 infra
812 4083 818 4096 .
834 4081 840 4094 .
856 4084 862 4095 .
881 4032 959 4096 item
977 4030 1051 4095 XV'
1080 4054 1161 4116 quae
1193 4032 1304 4096 ordine

157 4138 305 4225 legitimo
324 4139 451 4223 prolata
469 4138 604 4204 eundem
623 4138 765 4222 produnt
783 4142 954 4223 auctorem,
974 4160 1069 4223 quem
1088 4138 1145 4204 illo
1159 4139 1231 4203 loco
1245 4160 1269 4203 s.
1280 4161 1304 4203 s.

159 4245 306 4311 adhibuit
319 4245 368 4311 IX
388 4246 438 4330 14,
459 4246 603 4330 lOseqq.,
622 4265 695 4311 eum
713 4244 776 4310 hoc
794 4245 972 4330 posteriore
990 4244 1063 4311 loco
1077 4267 1304 4311 commemore-

102 4366 104 4369 ’
158 4358 212 4418 tur
236 4350 399 4437 Sulpicius
422 4356 441 4434 ἓ
461 4353 501 4418 11
526 4357 558 4416 et
582 4351 730 4418 Caesellii
752 4375 864 4419 reuera
887 4352 989 4437 copiis
1017 4374 1095 4418 usus
1122 4353 1177 4418 ille
1204 4353 1304 4419 fuisse

158 4460 314 4525 uideatur.
360 4459 424 4524 Hic
446 4459 547 4545 igitur
568 4460 728 4525 Lucilium
753 4461 877 4527 solebat
899 4459 1023 4525 adferre
1046 4461 1196 4547 genetiuo
1219 4467 1304 4527 sotu-
