3052 5024
226 347 341 403 XXVIII
665 349 943 402 PROLECOMENA.

227 535 346 579 annum
365 513 436 578 dico
456 511 614 596 6241130,
633 516 737 578 actam
751 511 850 578 fuisse
865 512 1069 578 statuendum
1084 512 1153 597 erit,
1167 514 1240 579 ante
1255 535 1374 580 annum

226 618 375 706 6391115
394 640 458 704 quo
476 640 623 685 censores
641 618 676 683 L.
691 618 841 685 Metellus
860 617 915 683 Cn.
926 617 1088 684 Domitius
1103 622 1205 684 artem
1218 619 1374 686 ludicram

226 749 266 792 ex
288 728 368 793 urbe
389 730 596 793 remouerunt
619 748 699 810 quos
724 726 862 792 offensos
884 726 984 792 fuisse
1006 726 1147 792 conicias
1167 725 1226 792 1611
1243 727 1375 794 11666116

225 834 377 901 66666166.
419 833 483 902 Sed
506 835 601 900 etiam
620 832 758 899 Athenis
781 830 900 899 Atticis
922 832 1003 898 bene
1025 837 1138 898 notum
1162 833 1262 900 fuisse
1279 835 1374 901 Luci·

225 941 307 1007 lium
334 941 408 1007 inde
435 942 635 1028 intellegitur
662 940 749 1025 quod
777 939 995 1007 Clitomachus
1025 936 1218 1007 Academiae
1240 943 1373 1009 antistes

224 1049 343 1115 librum
367 1050 408 1115 ad
430 1071 503 1115 eum
523 1049 621 1133 misit,
640 1049 731 1114 cuius
750 1051 975 1136 argumentum
994 1048 1127 1133 exponit
1146 1047 1256 1114 Cicero
1275 1047 1372 1115 Acad.
1414 1098 1416 1101 -

225 1154 328 1240 1132,
352 1157 416 1222 102
440 1179 527 1242 seqq.
550 1152 864 1245 (uidetestim.18):
887 1153 1078 1221 Academiae
1099 1155 1269 1222 historiam
1288 1180 1372 1223 anno

224 1264 290 1328 fere
309 1262 460 1348 6241130
478 1265 611 1350 exponit
628 1264 772 1330 Lucilius
790 1263 846 1329 lib.
861 1261 1003 1329 XXVIII
1021 1287 1051 1328 6.
1067 1262 1132 1329 754
1150 1285 1250 1349 seqq.:
1268 1286 1373 1349 neque

224 1375 341 1457 tamen,
364 1394 428 1457 quo
452 1377 597 1456 tempore
618 1371 738 1437 librum
756 1369 849 1436 illum
873 1369 1009 1436 ediderit
1032 1369 1259 1456 Clitomachus,
1282 1393 1372 1439 accu-

223 1480 325 1544 ratius
356 1480 476 1564 poterit
508 1479 633 1544 definiri
666 1479 729 1544 nisi
757 1477 843 1563 quod
870 1482 992 1544 certum
1020 1482 1068 1544 est
1096 1481 1250 1563 scriptum
1279 1479 1372 1546 illum

223 1587 322 1651 fuisse
359 1590 433 1651 ante
469 1585 660 1652 Clitomachi
693 1586 818 1652 obitum
851 1585 870 1650 1.
890 1608 914 1650 e.
948 1608 1067 1651 annum
1100 1585 1250 1672 6441110
1282 1584 1395 1674 (conf'

224 1692 255 1759 Si
274 1693 454 1760 Meklerum
487 1692 584 1760 Aced.
603 1694 667 1758 iud.
690 1692 918 1759 Herculaneus.
941 1716 972 1778 p.
989 1690 1081 1781 120),
1109 1697 1178 1759 tum
1206 1693 1373 1778 probabile

224 1802 352 1868 uidetur
370 1802 508 1889 gratiam
525 1805 639 1887 poetae
652 1801 771 1886 petisse
786 1799 1016 1886 philosophum
1032 1797 1183 1885 Scipione
1197 1802 1373 1867 etiamtunc

223 1909 300 1974 uiuo
324 1908 410 1993 apud
433 1931 528 1993 quem
552 1907 728 1993 plurimum
752 1908 807 1974 ille
824 1908 948 1974 honore
967 1911 999 1974 ct
1018 1909 1207 1974 auctoritate
1225 1910 1371 1994 polleret.

224 2013 408 2103 Scipionem
433 2015 535 2082 clarae
558 2016 646 2081 illius
663 2016 835 2102 legationis
853 2016 1033 2100 principem
1057 2012 1146 2103 (uide
1164 2015 1204 2080 ad
1224 2014 1279 2080 lib.
1293 2014 1372 2081 XIV

222 2147 253 2189 6.
272 2124 338 2191 464
357 2121 437 2211 seq.)
456 2146 553 2208 quam
568 2144 651 2188 anno
666 2124 732 2188 fere
746 2121 895 2208 6151139
915 2123 1092 2188 confectam
1108 2144 1176 2188 6666
1191 2124 1372 2211 statuimus,

223 2229 369 2296 laudauit
383 2235 464 2297 16616
473 2230 648 2297 Ρ66116616
663 2226 761 2314 (Plut.
772 2252 845 2297 cum
855 2231 956 2315 princ.
966 2252 1034 2296 esre
1043 2230 1160 2317 philos.
1177 2231 1194 2295 1
1210 2254 1240 2315 p.
1252 2229 1315 2294 777
1325 2228 1371 2318 Α)

222 2359 318 2404 uersu
341 2337 515 2404 Homerico
539 2337 742 2425 ‘cauponae
764 2337 865 2425 ὕβριν
887 2361 922 2404 τε
944 2335 1000 2404 καὶ
1019 2337 1179 2423 εὐνομίην
1197 2336 1372 2426 ἐφορῶντα

223 2444 444 2534 (apopthegm.
455 2445 540 2532 Scip.
551 2447 627 2512 min.
641 2445 682 2510 13
691 2468 722 2530 p.
733 2443 869 2534 20011),
884 2445 1006 2511 Romae
1015 2445 1122 2510 fuerat
1131 2467 1214 2511 anno
1230 2443 1370 2531 5991155

223 2551 301 2640 (Cic.
325 2551 478 2620 Acadll
509 2551 588 2642 137)
629 2554 685 2619 651
726 2552 945 2619 familiaritate
981 2552 1098 2618 Lucilii
1139 2551 1370 2638 philosophum

222 2683 316 2726 usum
338 2662 439 2727 fuisse
461 2663 530 2727 ueri
557 2660 759 2726 simillimum
780 2663 836 2726 est.

309 2767 422 2852 Itaque
446 2791 529 2834 anno
554 2767 703 2851 6491105
726 2771 822 2853 poeta
844 2766 949 2832 Roma
972 2768 1069 2833 666611
1092 2771 1124 2833 61
1140 2767 1312 2852 Neapolim
1337 2790 1371 2833 66

221 2876 373 2960 66616111,
404 2876 461 2941 651
488 2876 575 2941 61166
603 2880 635 2941 61
662 2875 721 2941 6111
750 2875 836 2959 quod
864 2879 947 2941 esset
972 2876 1147 2960 reliquum,
1178 2874 1371 2962 transigeret

222 2983 357 3067 quietus.
407 2981 521 3067 Neque
547 2983 653 3070 fugiet
678 2984 832 3049 lectorem
861 3004 958 3066 quare
985 2982 1020 3047 in
1047 2984 1136 3048 illam
1164 2982 1370 3067 potissimum

220 3089 383 3155 transierit
405 3088 578 3177 regionem.
620 3089 745 3155 Passim
768 3090 802 3155 16
826 3091 943 3155 6616616
968 3090 1173 3174 conqueritur
1191 3090 1230 3156 de
1248 3092 1371 3156 ualetu-

221 3196 295 3261 dine
327 3194 416 3284 (uide
443 3196 484 3262 ad
510 3196 565 3263 lib.
584 3196 616 3262 V
643 3221 673 3262 u.
699 3194 884 3285 18lseqq.):
916 3218 1000 3262 anno
1030 3197 1096 3263 fere
1124 3196 1273 3282 6381116
1301 3220 1371 3264 6666

221 3303 319 3369 morti
346 3304 530 3389 proximum
557 3304 657 3370 161666
680 3304 792 3370 scribit
814 3305 854 3369 ad
877 3304 1016 3370 amicum
1038 3302 1139 3370 lib.V
1162 3329 1191 3368 6.
1217 3304 1290 3389 182,
1313 3305 1370 3370 651

221 3410 294 3475 uide
323 3433 404 3495 quae
431 3411 665 3477 adnoteuimus.
716 3409 837 3477 Scribit
865 3410 974 3477 Cicero
1003 3408 1059 3499 (61
1086 3409 1152 3477 Α11.
1177 3410 1255 3476 XIV
1275 3412 1315 3476 17
1331 3410 1370 3477 Α.

221 3518 312 3602 epist.
336 3516 382 3582 IX
399 3516 456 3606 14)
483 3520 523 3584 ad
544 3519 748 3585 Dolabellam
776 3542 793 3584 6
816 3519 1013 3605 Pompeiano
1036 3521 1056 3586 1.
1072 3520 1134 3584 61
1161 3517 1256 3584 ‘Sunt
1283 3521 1370 3585 enim

220 3626 374 3711 permulti
393 3625 507 3710 optimi
526 3626 599 3711 uiri,
622 3627 677 3712 qui
696 3626 890 3693 ualetudinis
912 3648 1007 3692 causa
1029 3627 1065 3691 in
1086 3627 1166 3692 haec
1188 3628 1260 3693 loca
1282 3628 1370 3693 6661-

220 3732 288 3798 ant'
307 3737 340 3798 et
358 3733 379 3798 3
398 3733 444 3798 ‘Ic
465 3735 593 3819 quidem
614 3733 738 3819 Caesar,
761 3756 834 3800 cum
854 3734 985 3799 adeum
1010 3711 1177 3820 aegrotuni
1196 3731 1369 3820 Neapolim
1466 3798 1469 3804 .

220 3839 394 3925 66616666,
426 3863 620 3926 quamquam
653 3846 721 3908 erat
753 3863 925 3928 oppressus
952 3841 1053 3907 totius
1081 3842 1225 3926 corporis
1254 3841 1370 3907 dolori-

220 3946 292 4014 bus'
312 4000 318 4012 .
339 4000 371 4013 ..
407 3971 432 4015 e.
457 3972 486 4034 q.
511 3972 534 4014 6.
588 3948 712 4016 Eodem
750 3948 860 4015 eadem
898 3949 937 4014 de
973 3970 1069 4014 causa
1104 3948 1236 4014 secessit
1270 3946 1369 4015 Silius

219 4053 350 4121 Italicus
382 4060 480 4142 poeta
509 4055 548 4122 de
581 4077 644 4141 quo
672 4055 798 4121 Plinius
831 4056 922 4141 epist.
945 4053 1032 4121 1117
1062 4054 1170 4121 ‘Modo
1202 4056 1369 4123 nuntiatus

220 4166 269 4228 est
297 4160 395 4229 Silius
422 4162 554 4228 Italicus
587 4163 621 4227 in
648 4161 863 4247 Neapolitano
896 4185 954 4229 suo
983 4163 1089 4229 inedia
1115 4162 1225 4227 finisse
1254 4164 1369 4230 uitem:

220 4289 315 4335 66666
337 4271 451 4335 moitis
474 4269 692 4335 ualetudo...
712 4267 762 4358 (6)
786 4271 961 4336 nouissime
984 4271 1031 4336 ita
1049 4269 1259 4337 suadentibus
1277 4272 1369 4338 66616

220 4375 260 4441 65
292 4377 371 4442 urbe
402 4376 532 4442 secessit
564 4397 661 4462 seque
692 4376 727 4442 in
755 4376 929 4464 Campania
955 4378 1070 4444 tenuit'
1100 4376 1195 4466 (6661
1214 4376 1369 4445 Strab.V

219 4505 251 4575 p.
266 4480 355 4571 246).
402 4480 539 4552 Graecae
565 4484 655 4553 urbis
682 4486 888 4575 magistratus
916 4489 1046 4574 poetam
1070 4484 1222 4554 Latinum
1250 4508 1368 4575 magno
