3052 5024
225 282 274 336 XL
655 280 936 335 PROLEGOMENA.

227 447 333 533 ipsum
357 449 407 510 est
430 448 678 510 consentaneum
707 445 740 508 01
766 442 947 509 imitatione
971 441 1108 510 Senecae
1138 446 1375 530 comprobatur.

227 550 335 636 Atque
364 573 437 617 oum
466 551 583 618 dixerit
605 548 777 637 Neptunus
801 551 836 615 in
859 551 991 616 deorum
1015 552 1152 619 concilio
1175 553 1254 619 haec
1277 553 1376 620 uerba

227 656 446 747 (1111111311

428 786 495 830 non
519 763 703 830 Carneaden
726 764 754 829 si
776 762 883 848 ipsum
907 761 1009 831 Oreus
1032 767 1176 832 remittat

229 873 436 940 manifestum
460 876 509 938 est
531 869 685 937 librumI
707 872 864 956 seriptum
887 893 955 937 esse
978 872 1179 958 aliquantum
1205 877 1280 959 post
1305 873 1377 941 Oar-

228 981 338 1046 neadis
371 978 559 1066 philosophi
590 981 728 1045 mortem
759 1000 854 1063 quem
887 978 1059 1045 decessisse
1090 980 1217 1047 rettulit
1243 979 1377 1067 Apollo·

230 1088 326 1153 dorus
345 1087 380 1152 iu
399 1086 559 1153 chronicis
579 1084 637 1172 (95
651 1083 802 1173 Jacobyi)
821 1108 872 1171 ap.
890 1084 984 1174 Diog.
1004 1085 1108 1153 Laert.
1126 1085 1175 1152 IV
1195 1087 1237 1154 65
1257 1091 1377 1174 olymp.

231 1195 381 1278 16241.
402 1192 691 1278 00111106251129
715 1192 769 1258 uel
791 1191 940 1278 6261128.
981 1193 1150 1260 Praeterea
1173 1195 1259 1278 quod
1281 1195 1377 1261 tredi-

229 1306 283 1368 tur
305 1324 355 1387 ap.
374 1301 469 1387 Diog.
488 1300 592 1366 Laert.
610 1298 658 1365 IV
677 1299 721 1365 64
743 1304 963 1377 τελευτῶντος
982 1298 1009 1365 d
1031 1300 1134 1367 αὐτοῦ
1153 1319 1257 1386 φασιν
1275 1305 1378 1368 ἔκλει-

228 1418 290 1487 ψιν
316 1406 475 1492 γενέσθαι
503 1410 642 1492 σελήνης
669 1406 882 1491 συμπάθειαν
909 1407 954 1484 ὡς
976 1405 1019 1473 ἂν
1046 1413 1133 1474 εἴποι
1160 1431 1210 1486 τις
1236 1410 1379 1476 αἰνιττο-

231 1512 334 1599 μένου
358 1514 418 1579 τοῦ
441 1512 516 1599 μεθ’
541 1515 638 1597 Illaec
660 1515 838 1579 καλλίστου
861 1523 929 1580 τῶν
951 1514 1092 1601 ἄστρων,
1120 1538 1157 1581 00
1179 1516 1225 1581 ita
1252 1537 1379 1602 compa-

231 1624 300 1686 rata
328 1624 417 1705 sunt,
449 1624 499 1705 ut,
531 1642 604 1687 cum
633 1621 671 1686 de
698 1620 793 1686 lunae
821 1620 947 1686 defectu
975 1625 1101 1708 agatur,
1132 1643 1198 1688 non
1231 1623 1270 1689 de
1302 1623 1380 1689 solis

232 1728 370 1814 caligine
388 1727 511 1813 oborta,
532 1727 628 1793 fidem
648 1728 694 1794 eis
713 1749 805 1816 aegre
825 1729 1040 1815 denegaueris.
1077 1727 1173 1795 Anno
1191 1728 1250 1795 illo
1269 1753 1381 1797 reuera

231 1836 282 1900 bis
300 1835 395 1901 lunae
413 1835 556 1902 defectus
575 1834 701 1919 accidit,
723 1834 805 1901 altar
823 1834 874 1901 die
892 1834 1380 1922 110001111110110111116251129

232 1946 327 2008 nocte
350 1942 505 2008 concubia
527 1941 608 2007 hora
629 1944 704 2027 post
722 1941 860 2009 mediam
879 1946 1007 2008 noctem
1027 1942 1166 2007 secunda
1184 1943 1282 2027 spatii
1301 1945 1380 2010 satis

233 2048 356 2135 exigui,
386 2047 467 2115 alter
494 2048 545 2113 die
571 2047 650 2115 Maii
667 2046 700 2113 H
720 2049 795 2114 anni
814 2046 954 2133 6261128
983 2048 1081 2135 triplo
1109 2049 1248 2135 amplior
1273 2051 1381 2136 priore

234 2157 291 2222 illo
315 2179 409 2222 mane
426 2157 508 2221 hora
525 2155 591 2222 fere
611 2156 724 2241 quinta
742 2160 817 2241 post
834 2156 973 2222 mediam
992 2159 1130 2242 noctem,
1153 2177 1218 2241 quo
1236 2161 1381 2242 tempore

234 2262 420 2330 Carneaden
448 2262 565 2329 obiisse
593 2267 715 2329 statuas
743 2264 906 2349 probabili
932 2263 1189 2330 ratiocinatione:
1221 2287 1296 2330 nam
1328 2265 1382 2331 hic

235 2372 377 2437 defectus
405 2374 442 2435 ut
473 2369 570 2457 longe
602 2371 741 2456 amplior
772 2369 859 2436 solus
891 2371 1012 2456 poterit
1044 2371 1079 2436 in
1110 2393 1240 2437 censum
1273 2373 1382 2438 uenire

235 2476 328 2566 (conf
349 2476 510 2544 Ginzelius
534 2475 749 2565 Sitnungsber.
770 2477 798 2542 d.
817 2477 901 2544 Berl.
920 2476 1022 2543 Akad.
1044 2478 1128 2545 1887
1148 2502 1179 2564 p.
1200 2479 1285 2544 1119
1307 2477 1383 2566 Spe·

235 2586 343 2652 1101101
378 2583 488 2652 Canon
526 2585 581 2651 der
613 2583 756 2651 801111011-
793 2584 860 2651 und
890 2583 1132 2651 Mondfinstern
1165 2584 1269 2651 Berol.
1296 2585 1381 2651 1897

234 2717 266 2779 p.
288 2691 374 2781 143).
421 2691 511 2758 011111
533 2693 634 2780 igitur
656 2692 766 2778 Lupus
789 2690 974 2758 Lucilianus
997 2697 1073 2778 post
1095 2715 1237 2760 mensam
1260 2691 1383 2759 Maium

236 2800 312 2867 anni
331 2799 471 2885 6261128
499 2804 573 2866 ante
602 2822 743 2865 mensem
771 2798 918 2884 Aprilem
946 2799 1022 2865 anni
1045 2798 1194 2885 6291125.
1245 2797 1291 2864 At
1321 2821 1384 2864 me·

237 2912 381 2974 moratur
407 2907 491 2972 libro
509 2905 526 2972 I
544 2931 573 2972 u.
594 2907 636 2972 38
665 2906 734 2972 dira
761 2910 934 2991 tempestas
963 2928 1027 2990 qua
1052 2904 1198 2992 Iuppiter
1226 2905 1381 2991 populum

237 3016 419 3081 Romanum
443 3036 481 3079 οο
504 3018 658 3098 tempore,
681 3034 746 3097 quo
764 3012 875 3099 Lupus
893 3013 999 3098 periit,
1022 3036 1217 3101 magnopere
1235 3015 1386 3080 terruerit

237 3119 326 3209 (uide
355 3143 436 3205 quae
467 3120 693 3186 adnotauimus
726 3120 766 3184 ad
783 3144 813 3185 u.
833 3118 998 3208 3'lseqq.):
1032 3143 1128 3205 quam
1161 3125 1385 3207 tempestatem

237 3228 370 3295 eandem
398 3228 497 3294 fuisse
525 3249 621 3313 quam
649 3227 684 3293 in
714 3227 936 3315 prodigiorum
968 3228 1052 3294 libro
1086 3232 1317 3295 commemorat
1345 3229 1386 3294 ad

239 3357 358 3401 annum
377 3333 638 3421 62811261011110
657 3332 843 3420 Obsequens
863 3335 905 3399 29
921 3332 993 3422 (89)
1013 3335 1081 3401 ueri
1100 3339 1149 3401 est
1176 3335 1386 3401 simillimum.

238 3441 352 3526 Itaque
370 3464 453 3508 anno
469 3441 609 3527 6281126
628 3441 738 3528 Lupus
758 3442 846 3528 obiit,
864 3464 986 3528 paucos
1005 3442 1073 3508 dies
1089 3447 1164 3528 post
1177 3443 1246 3508 eius
1260 3441 1386 3509 obitum

238 3551 358 3617 librum
385 3548 401 3614 I
434 3551 615 3635 composuit
646 3549 804 3617 Lucilius:
835 3549 955 3617 librum
993 3550 1089 3615 modo
1125 3549 1281 3634 ediderat,
1313 3571 1386 3616 oum

239 3658 282 3723 M.
297 3656 409 3723 Iunius
436 3656 564 3723 Pennus
592 3657 740 3733 tribunus
767 3657 872 3743 plebis
904 3657 1016 3723 eodem
1049 3681 1132 3724 anno
1164 3657 1269 3744 legem
1301 3657 1388 3742 111111,

241 3788 304 3852 qua
327 3765 513 3853 peregrinos
537 3788 575 3832 ex
599 3766 677 3831 urbe
700 3765 927 3831 exterminaret
949 3787 1012 3849 qua
1036 3765 1074 3830 de
1101 3787 1136 3831 re
1163 3764 1247 3830 infra
1273 3768 1388 3852 agetur

240 3898 270 3959 p.
289 3871 404 3939 XLVI.
439 3871 552 3957 Itaque
567 3870 719 3956 Scipione
737 3875 866 3938 mortuo
884 3873 998 3958 poesin
1016 3875 1196 3938 saturarum
1210 3872 1388 3938 instaurare

240 4003 337 4047 ausus
360 4001 517 4046 essenon
539 3979 667 4045 uidetur
690 3983 764 4046 ante
786 3979 880 4066 Lupi,
904 4002 1000 4064 quem
1022 3979 1105 4045 libro
1124 3976 1266 4045 XXVIII
1289 3979 1388 4045 uiola

240 4091 340 4172 uerat,
359 4091 508 4152 mortem:
531 4087 583 4152 cui
602 4090 770 4171 tantopere
787 4087 851 4152 fuit
868 4087 979 4172 iratus,
996 4090 1034 4153 ut
1050 4110 1092 4153 ne
1110 4089 1238 4153 mortuo
1259 4086 1388 4172 quidem

241 4199 393 4280 parceret.
444 4193 627 4260 Excusatur
654 4193 891 4278 quodammodo
920 4193 1058 4262 Senecae
1091 4198 1217 4261 saturae
1249 4193 1324 4261 uilis
1357 4199 1389 4261 01

242 4300 366 4368 abiecta
389 4302 580 4369 mordacitas
604 4301 750 4386 exemplo
769 4300 899 4368 Lucilii:
922 4324 1038 4388 nempe
1060 4325 1101 4369 ne
1124 4305 1236 4368 auctor
1259 4302 1389 4387 quidem

103 4422 112 4435 ·
243 4411 369 4474 satanae
392 4409 513 4475 ueritus
537 4409 606 4472 erat
628 4406 709 4472 illud
732 4407 793 4493 οὐχ
816 4407 891 4492 ὁσίη
914 4407 1141 4493 φθιμένοισιν.
