3052 5024
217 332 282 389 XVI
645 336 924 391 PROLEGOMENA.

218 499 348 565 demum
396 499 627 585 imperatorum
676 502 766 567 uocis
811 506 938 567 source
983 500 1172 568 confirmata
1216 505 1265 567 ost
1311 525 1365 567 au·

218 605 360 673 ctoritas.

174 743 216 772 ura
304 712 431 800 Lingua
465 712 581 779 Latina
612 738 713 780 unum
745 715 969 781 tantummodo
1000 715 1115 781 habuit
1146 738 1265 782 nornen
1299 739 1362 802 quo

216 825 345 906 poetam
368 820 526 886 nominet:
548 821 752 888 fescenninus
775 824 952 888 uocabatur
979 823 1033 888 ille
1056 822 1189 908 eiusque
1211 824 1363 890 uersiculi

216 929 400 995 fescennini.
451 926 543 1005 Quod
571 930 764 995 uocabulum
793 930 820 994 si
850 951 961 994 reuera
991 934 1040 995 est
1068 929 1191 996 Tuscae
1219 931 1364 1018 originis,

216 1041 329 1121 poetae
356 1057 474 1100 nomen
501 1036 587 1120 apud
610 1035 743 1102 Latinos
768 1037 899 1102 omnino
922 1039 991 1101 erat
1012 1035 1152 1121 nullum,
1180 1060 1256 1103 nam
1278 1041 1364 1104 uuus

215 1165 333 1210 nomen
360 1166 379 1207 a
407 1140 506 1208 Gallis
529 1144 681 1227 accitum,
703 1150 812 1226 poetae
835 1167 854 1208 a
877 1141 1015 1208 Graecis.
1060 1142 1204 1210 Lucilius
1227 1168 1305 1210 num
1329 1147 1363 1211 in

216 1252 333 1316 saturis
356 1250 422 1315 suis
446 1250 705 1316 fescenninorum
725 1250 779 1317 hic
798 1250 865 1315 illic
883 1250 1027 1315 imitatus
1047 1250 1090 1315 sit
1107 1251 1281 1336 licentiam,
1303 1274 1362 1318 nos

216 1358 358 1423 diuinare
381 1379 447 1423 non
470 1358 533 1422 iam
557 1379 737 1442 possumus.
785 1356 932 1423 Saturam
956 1357 1096 1423 Romani
1123 1358 1242 1425 coloris
1266 1381 1362 1443 quam

214 1465 348 1531 Plautus
376 1467 429 1530 uel
455 1469 552 1549 poeta
579 1465 709 1549 quidam
737 1465 906 1530 Plautinus
937 1465 1073 1530 inseruit
1101 1462 1286 1531 Curculioni
1309 1489 1362 1532 uu.

214 1571 391 1637 466-485
411 1594 474 1656 qua
492 1573 649 1657 populum
667 1571 848 1637 Romanum
868 1572 971 1656 carpit
989 1571 1121 1637 uicatim
1141 1573 1236 1638 sicuti
1250 1577 1363 1658 postea

214 1678 358 1745 Lucilius
380 1680 529 1744 tributim
553 1676 641 1764 (uide
665 1678 704 1743 ad
722 1679 833 1743 incert.
852 1701 882 1742 u
899 1675 1009 1764 1262),
1033 1701 1104 1743 eam
1124 1680 1262 1746 conicias
1285 1679 1362 1745 licet

215 1789 255 1853 ad
277 1788 361 1853 idem
390 1785 572 1871 exemplum
595 1807 728 1871 poeseos
752 1785 918 1871 popularis
946 1806 1015 1851 esse
1038 1787 1251 1871 compositam
1275 1787 1361 1871 quod

214 1895 311 1960 ctiam
334 1894 477 1959 Lucilius
499 1893 608 1977 potuit
630 1893 792 1957 aemulari.
835 1889 934 1957 Cuius
954 1897 1068 1977 poetae
1090 1893 1126 1957 in
1148 1893 1239 1978 poesi
1257 1894 1360 1958 multa

215 2006 290 2067 sunt
308 2006 340 2066 et
354 2000 514 2066 mirabilia
528 2003 560 2064 et
574 1999 717 2064 obscura.
755 1997 865 2064 Veluti
880 1998 1055 2064 secundum
1069 2000 1175 2085 legem
1189 1997 1253 2065 XII
1267 1999 1358 2065 tabu·

213 2109 317 2173 larum
345 2107 449 2192 capite
476 2107 692 2191 puniebantur
720 2106 775 2190 qui
803 2107 924 2171 malum
952 2128 1080 2172 carmen
1108 2107 1143 2171 in
1166 2128 1262 2191 quem
1286 2127 1359 2172 con-

215 2215 352 2280 diderint
375 2211 608 2300 (Mommsenus
632 2212 742 2277 Roem.
763 2211 941 2278 Strafrecht
958 2212 1091 2298 Leipzig
1111 2213 1196 2278 1899
1220 2236 1250 2298 p.
1268 2213 1360 2301 794):

214 2343 312 2407 quaro
339 2320 486 2406 inprimis
509 2320 633 2384 mireris
661 2323 774 2405 poetae
798 2320 962 2385 audaciam
986 2320 1042 2404 qui
1066 2320 1223 2405 primores
1246 2321 1360 2406 populi

212 2429 434 2514 populumque
466 2427 636 2512 arripuerit
667 2427 830 2511 tributim,
862 2449 900 2492 eo
930 2428 1033 2514 magis
1067 2427 1154 2512 quod
1185 2428 1219 2493 in
1232 2416 1360 2494 'scaena

212 2535 340 2620 publice
363 2557 382 2599 a
405 2535 503 2599 mimo
527 2534 687 2599 nominari
710 2534 850 2600 noluerit
878 2530 971 2621 (coni
989 2534 1107 2599 testim.
1124 2532 1190 2623 17).
1232 2533 1302 2612 Qua
1325 2536 1360 2600 in

212 2665 246 2707 re
279 2642 543 2708 considerandum
576 2646 624 2706 est
660 2641 807 2726 inprimis
840 2642 942 2706 ciuem
974 2640 1155 2707 Romanum
1189 2663 1263 2709 eum
1294 2664 1360 2708 non

212 2749 319 2834 fuisse,
342 2749 397 2814 sed
419 2749 633 2834 peregrinum,
655 2746 785 2813 Italicos
808 2751 916 2813 autem
938 2748 1055 2813 Lucilii
1078 2752 1181 2815 astate
1208 2751 1276 2815 iure
1300 2772 1358 2816 suo

211 2857 413 2922 contendisse
440 2877 508 2922 sese
530 2856 657 2942 legibus
679 2877 709 2939 p.
724 2854 762 2919 R.
781 2876 848 2920 non
870 2856 971 2921 teneri
995 2852 1150 2942 (Macrob.
1166 2853 1292 2921 Satura.
1308 2855 1357 2920 III

215 2964 265 3046 17,
284 2962 333 3050 6):
355 2962 532 3047 posteriore
555 2963 683 3027 demum
707 2965 852 3047 ternpore
874 2964 939 3027 lata
961 2966 1011 3027 est
1032 2963 1085 3028 lex
1102 2961 1185 3029 Iulia
1202 2963 1259 3028 illa
1278 2985 1358 3048 quae

212 3075 342 3135 auctore
366 3069 464 3135 schol.
483 3067 622 3135 quenl
644 3069 707 3133 162
736 3068 897 3134 ‘uiuorum
925 3069 1006 3134 uitia
1027 3073 1117 3135 uetat
1140 3069 1248 3154 carpi'.
1293 3069 1358 3135 Ex-

212 3175 384 3242 cusabatur
410 3180 574 3262 practerea
602 3179 728 3241 saturae
758 3174 931 3240 acrimonia
955 3197 993 3240 eo
1017 3177 1104 3260 quod
1127 3180 1270 3242 oratores
1293 3199 1359 3242 non

211 3287 337 3348 tantum
366 3283 400 3348 in
426 3283 498 3349 foro
520 3282 701 3349 immodicis
724 3282 770 3346 uti
796 3281 852 3346 illa
879 3285 983 3348 aetate
1010 3281 1158 3348 solebant
1184 3284 1219 3348 in
1248 3283 1357 3349 aduer-

212 3392 312 3457 sarios
336 3391 499 3476 conuiciis,
522 3390 697 3455 sedetiam
720 3388 800 3454 tales
824 3390 985 3455 orationes
1005 3390 1142 3474 scriptas
1161 3389 1254 3456 edere
1278 3390 1358 3455 sole

211 3499 289 3564 bant
309 3497 381 3564 ‘etsi
403 3495 493 3563 Sulla
516 3497 621 3562 uoluit
638 3518 678 3562 ne
697 3498 731 3562 in
750 3497 897 3582 quemuis
915 3497 1036 3582 inpune
1050 3496 1222 3562 declamari
1234 3497 1357 3562 liceret’

211 3603 291 3692 (Cic.
306 3606 398 3690 epist.
411 3603 461 3670 HI
480 3606 531 3691 11,
549 3603 594 3692 2).
644 3604 791 3690 Denique
824 3604 859 3669 ni
892 3604 1001 3670 omnia
1032 3604 1150 3670 fallunt
1181 3604 1292 3670 mitior
1323 3605 1358 3670 in

211 3714 356 3801 singulos
377 3734 478 3779 annos
500 3712 587 3778 facta
609 3716 658 3778 est
679 3711 796 3777 Lucilii
820 3715 935 3777 satura.
981 3711 1087 3776 Libris
1110 3708 1357 3777 XXVI-XXX

210 3819 339 3908 Lupum
352 3821 465 3885 uiuum
484 3824 516 3885 et
528 3819 695 3885 Metellum
713 3820 808 3884 laesit
821 3823 854 3883 et
867 3818 998 3884 famosis
1014 3818 1162 3884 uersibus
1177 3818 1356 3904 cooperuit:

210 3931 244 3993 at
265 3928 350 3994 libro
373 3926 389 3992 Ι
412 3927 506 3993 sicuti
529 3931 642 4013 postea
663 3924 826 3992 quenalis
849 3927 914 3991 iam
933 3930 1082 4011 expertus
1101 3930 1160 4010 est,
1182 3925 1260 4009 quid
1282 3946 1356 3990 con-

211 4035 341 4101 cedatur
363 4036 398 4100 in
419 4035 493 4101 illos
524 4056 661 4119 quorum
684 4033 842 4099 Flaminia
865 4033 985 4120 tegitur
1009 4033 1089 4098 cinis
1112 4036 1208 4116 atque
1230 4030 1355 4117 Latina,

208 4141 292 4207 libro
315 4140 348 4206 Π
375 4141 505 4207 Albucii
538 4142 715 4206 orationem
749 4139 951 4206 contumeliis
978 4144 1011 4205 et
1042 4139 1195 4204 conuiciis
1226 4138 1354 4223 plenam

209 4249 243 4312 in
276 4247 505 4326 Q.Scaeuolam
540 4248 686 4314 uersibus
722 4247 852 4313 reddere
884 4248 992 4333 potuit
1024 4247 1157 4331 inpune,
1192 4243 1277 4309 libro
1309 4242 1355 4308 IX

208 4354 300 4422 Accii
328 4356 578 4444 orthographica
605 4356 705 4422 irrisit
732 4356 802 4420 ioco
831 4355 975 4421 modesto
1000 4358 1031 4420 et
1054 4353 1169 4438 procul
1192 4351 1248 4436 qui
1272 4352 1355 4416 sita

208 4463 351 4548 periculo
374 4463 544 4531 uindictae.
