3052 5024
566 268 569 274 ’
590 291 869 344 recenseamus.
1220 287 1308 343 xum

161 474 253 537 puer:
278 472 351 518 cum
375 451 411 528 Q.
430 449 579 518 Metellus
597 451 632 518 L.
651 453 673 516 f.
692 473 821 520 censum
844 453 881 518 de
897 454 1043 536 1111111551
1064 454 1242 537 repetundis
1260 454 1308 519 di·

159 564 235 625 ceret
254 609 261 622 .
282 608 288 622 .
309 608 315 622 .
340 580 413 626 eum
441 560 543 645 ipsius
570 558 699 625 tabulae
727 559 1010 626 circumferrentur
1037 560 1227 645 inspiciendi
1254 581 1308 627 ne-

159 667 257 733 minis
281 687 389 750 causa,
417 666 517 732 finisse
539 665 677 732 iudicem
702 690 741 733 ex
769 666 834 733 illis
862 667 1025 752 equitibus
1043 666 1211 752 Romanis,
1239 689 1308 754 gra
1375 710 1377 713 ·

160 773 304 839 uissimis
327 772 406 839 uiris
429 773 603 858 neminem,
632 773 711 858 quin
735 778 915 840 remoueret
943 773 1053 840 ocules
1082 779 1114 839 et
1142 798 1175 841 se
1202 779 1308 841 tetum

161 883 332 965 auerteret,
360 902 400 945 ne
422 881 520 964 forte,
548 880 634 965 quod
657 880 712 946 ille
736 881 770 946 in
796 880 922 947 tabulas
950 881 1096 965 publicas
1124 883 1309 966 rettulisset,

161 988 323 1053 dubitasse
356 987 541 1072 quisquam,
577 1010 730 1053 uerumne
763 1010 803 1052 an
839 988 956 1053 falsum
994 992 1090 1072 esset,
1126 988 1308 1053 uideretur’.

160 1092 318 1161 Albucius
341 1094 443 1181 igitur
468 1094 519 1159 his
548 1094 655 1160 uerbis
684 1098 781 1160 testes
809 1095 987 1181 interrcgst
1013 1116 1121 1159 coram
1149 1094 1309 1160 iudicibus
1352 1091 1357 1100 ’

163 1202 249 1288 quod
277 1206 309 1267 et
331 1200 374 1268 M.
390 1199 499 1267 cicero
528 1202 605 1267 fecit
632 1201 666 1267 in
693 1224 788 1268 causa
811 1201 960 1267 Verrius:
988 1202 1067 1268 conf
1085 1205 1144 1266 eet.
1163 1199 1179 1265 Ι
1198 1200 1241 1268 55
1270 1201 1309 1267 de

161 1332 206 1374 or.
224 1307 256 1374 H
273 1307 338 1374 245
358 1308 489 1385 Quintil.
506 1307 537 1372 V
558 1308 586 1392 7,
606 1309 649 1374 26
670 1313 701 1375 15
720 1309 758 1374 de
777 1310 913 1375 testibus
931 1308 1115 1394 tabulisque
1133 1309 1309 1394 producen-

163 1415 211 1481 dis
234 1416 268 1480 in
289 1415 541 1502 repetundarum
565 1437 662 1481 cause
683 1418 789 1502 legem
812 1413 951 1482 Aciliam
970 1419 990 1496 ὅ
1009 1415 1059 1480 34.
1097 1414 1237 1481 Tabulas
1259 1416 1309 1481 de-

161 1523 258 1606 nique
286 1524 457 1608 productas
486 1545 554 1588 esse
581 1524 616 1587 in
643 1523 700 1588 illa
728 1523 798 1608 ipsa
825 1520 956 1588 Albucii
989 1544 1084 1588 eausa
1115 1527 1228 1588 netum
1262 1527 1311 1588 est

162 1627 251 1694 Albii
271 1629 478 1695 altercatione
498 1633 530 1694 et
549 1627 659 1695 Granii
677 1631 843 1716 praeconis
863 1630 901 1695 de
921 1652 984 1714 qua
999 1628 1061 1695 cie.
1082 1629 1120 1694 de
1140 1628 1308 1695 (11.11281

162 1734 231 1823 (lib.
251 1734 283 1801 Π
302 1761 331 1801 u.
352 1734 409 1824 95)
439 1759 584 1822 opusque
612 1742 680 1802 erat
707 1739 741 1802 in
769 1759 864 1803 causa
893 1737 1142 1823 repetundarum
1174 1737 1310 1803 testibus

162 1844 330 1909 dumtaxat
347 1841 406 1909 IIL
424 1845 590 1929 productis
614 1867 653 1910 ex
675 1844 747 1931 lege
765 1842 871 1910 Acilia
890 1843 923 1931 (ξ
937 1844 989 1909 32.
1004 1841 1071 1930 34),
1095 1867 1191 1928 quem
1207 1845 1310 1909 ,latam

163 1972 230 2017 esse
267 1972 351 2016 anno
385 1951 526 2037 salsina
559 1953 612 2017 uel
644 1951 785 2037 salsina
822 1952 1056 2018 demonstrauit
1090 1950 1310 2016 Mommsenus

162 2055 230 2122 CIL
249 2055 267 2122 I
284 2080 316 2142 p.
335 2056 378 2123 55
402 2057 527 2124 duobus
551 2061 605 2125 uel
627 2058 731 2124 tribus
754 2059 846 2124 annis
871 2063 944 2124 ante
967 2057 1098 2124 Albucii
1123 2080 1259 2131 causam.

251 2163 300 2229 De
328 2165 424 2230 exilio
453 2166 500 2231 rei
527 2170 636 2251 aperte
664 2166 771 2254 agitur
796 2167 978 2252 fragmento
997 2163 1044 2230 VI
1069 2165 1155 2250 qued
1179 2165 1311 2232 exilium

161 2271 405 2358 perpetiendum
428 2273 528 2339 fuisse
552 2274 663 2339 multis
685 2273 934 2359 repetundarum
954 2274 1112 2340 damnatis
1131 2278 1244 2341 notum
1264 2278 1313 2341 est

163 2402 202 2444 ex
220 2377 330 2446 Verris
349 2378 464 2445 Rutilii
487 2379 583 2446 huius
604 2378 736 2446 Albucii
758 2381 860 2466 ipsius
883 2381 961 2464 uita,
984 2381 1040 2465 qui
1064 2385 1177 2467 postea
1200 2369 1311 2447 eodem

163 2486 308 2571 erimine,
338 2509 401 2572 que
424 2492 590 2553 accusaret
611 2486 769 2572 Mucium,
798 2487 966 2553 damnatus
990 2485 1070 2573 (Oic.
1089 2489 1128 2553 de
1147 2485 1312 2556 1111150

163 2591 253 2658 Tusc.
273 2592 304 2657 V
325 2592 388 2658 108
412 2615 471 2678 pre
496 2590 603 2658 Scaur.
622 2591 681 2681 40)
705 2595 779 2660 exul
802 2598 948 2660 mortuus
972 2598 1021 2660 est
1043 2591 1188 2660 Athenis.

251 2699 325 2766 Duo
345 2701 526 2787 fragmenta
543 2699 591 2765 IV
610 2705 642 2767 et
659 2700 690 2764 V
708 2705 831 2767 restant
850 2700 1047 2786 explicanda,
1066 2723 1204 2784 querum
1222 2703 1312 2786 prius

162 2813 197 2873 nt
227 2809 296 2874 inne
321 2809 445 2891 peritus
477 2808 688 2892 quambene
725 2810 766 2874 ad
795 2807 939 2874 Mucium
975 2809 1132 2874 referatur
1167 2813 1312 2893 apparet:

165 2901 300 2980 alterum
1122 2984 1123 2987 Ἴ

251 3020 336 3087 Nem
361 3023 440 3107 quid
464 3023 607 3089 maetino
632 3024 843 3109 subrectoque
866 3024 942 3089 huie
964 3046 1045 3109 opus
1069 3023 1185 3109 signo?

164 3130 267 3194 multo
292 3129 456 3196 difficilius
479 3129 685 3217 intellegitur.
722 3129 830 3216 Atque
853 3132 993 3218 primum
1018 3129 1146 3215 quidem
1167 3152 1226 3215 pro
1245 3130 1314 3196 snb-

162 3239 235 3304 ane
259 3238 347 3323 qued
369 3242 418 3303 est
440 3238 474 3303 in
497 3239 661 3306 codicibus
683 3244 769 3304 reete
791 3239 878 3303 dedit
896 3237 1040 3324 Scaliger
1062 3237 1196 3304 subrado
1204 3259 1215 3301 :
1240 3237 1318 3304 conf

162 3341 284 3411 Amob.
303 3343 374 3410 adu.
394 3349 479 3432 gent.
493 3344 525 3409 V
539 3346 581 3409 29
600 3369 630 3429 p.
645 3345 720 3430 200,
741 3344 829 3410 len:
853 3344 900 3408 <hi
922 3344 1026 3430 phalli
1050 3366 1130 3428 quos
1154 3366 1211 3429 per
1229 3365 1314 3429 rura,

163 3473 221 3535 per
259 3451 379 3536 oppida
415 3472 486 3518 mos
519 3451 652 3536 subripit
688 3456 720 3517 et
755 3455 927 3517 ueneratur
966 3451 1130 3537 antiquus'
1169 3451 1247 3517 conf
1271 3451 1313 3518 28

164 3580 195 3643 p.
212 3557 285 3642 199,
299 3557 377 3637 illl:¹
388 3581 500 3625 uersus
513 3559 600 3624 hunc
614 3562 783 3644 sequentes
797 3562 965 3644 corruptos
980 3581 1065 3625 nunc
1080 3559 1184 3625 mitte.
1199 3629 1200 3632 Ἴ
1216 3557 1315 3623 Recte

165 3687 242 3730 uero
268 3666 295 3730 si
318 3666 470 3730 contendi
491 3664 627 3731 librell
651 3687 778 3732 causam
803 3666 843 3730 ab
861 3664 1001 3732 Albucio
1021 3666 1142 3737 dictam
1158 3688 1226 3732 esse
1243 3685 1315 3730 ner·

164 3776 283 3857 ratam,
316 3777 481 3838 accusator
512 3774 597 3839 ludit
627 3775 690 3840 hoc
721 3796 817 3839 uersu
845 3774 879 3839 in
906 3775 1074 3840 modinum
1102 3775 1228 3858 siptacen
1259 3773 1315 3837 rei.

163 3878 190 3944 F
192 3881 336 3946 ascinum
364 3879 538 3965 portabant
564 3881 702 3947 ’1112111511
730 3884 763 3944 et
789 3880 882 3965 pueri
914 3879 1015 3946 donec
1046 3883 1157 3966 togam
1187 3879 1315 3945 uirilem

166 3991 385 4073 sumpserunt:
424 3987 593 4054 hominum
630 3988 813 4053 adultorum
851 3992 1016 4074 gestamen
1050 4009 1118 4052 non
1153 3987 1216 4051 fuit
1251 3985 1315 4050 nisi

164 4093 443 4179 triumphantium,
461 4099 499 4159 ut
514 4117 554 4159 ex
572 4093 654 4159 Plin.
669 4100 733 4161 nat.
748 4093 822 4160 hist.
838 4092 980 4160 XXVIII
994 4093 1037 4158 39
1061 4096 1163 4179 patet:
1187 4090 1315 4169 ‘Quam-

168 4225 264 4286 quam
287 4201 444 4289 religione
467 4224 540 4267 eum
564 4206 687 4268 tutatur
705 4206 738 4268 et
755 4203 905 4285 fascinus,
929 4201 1159 4286 imperatorum
1179 4220 1316 4283 quoque,

164 4330 231 4374 non
258 4309 363 4374 solum
391 4309 563 4374 infantium
591 4313 713 4394 custos,
744 4311 801 4395 qui
828 4309 905 4374 deus
936 4308 1020 4373 inter
1053 4327 1141 4372 sacra
1168 4306 1316 4372 Romana

166 4415 353 4487 Vestalibus
378 4415 495 4488 celitur
518 4421 550 4482 et
572 4437 682 4487 currus
710 4416 980 4505 triumphantium
1009 4413 1068 4481 sub
1095 4413 1147 4482 his
1174 4414 1316 4504 pendens
