3052 5024
583 294 861 348 PROLECOMENA.
1236 297 1297 351 XLI

238 455 308 522 Iam
332 457 370 522 de
389 459 580 545 argumento
599 454 674 522 libri
691 454 724 521 H
743 459 902 556 agendum
921 458 983 524 erit
1001 460 1186 526 summatim
1205 461 1296 527 cuius

153 565 190 630 de
218 567 407 651 argumento
435 587 531 649 quam
559 564 720 649 proferam
748 566 940 630 seutentiam
968 566 1157 653 singillatim
1190 569 1297 634 studui

1310 461 1341 501 De
1353 464 1478 510 arramato
1491 465 1510 500 el

1310 519 1401 565 tempore
1421 515 1472 554 libri
1485 515 1512 555 11

150 672 339 738 confirmare
361 673 396 736 in
418 671 679 738 adnotationibus
703 671 744 737 ad
766 694 877 738 uersus
908 674 964 758 qui
992 674 1060 741 eius
1087 675 1176 742 libri*
1191 699 1298 762 super·
1432 761 1433 764 Ἴ

150 780 242 845 stites
266 783 342 845 sunt
364 779 517 866 singulos.
559 776 668 864 Atque
690 778 957 863 proficiscendum
981 783 1042 847 erit
1064 782 1097 847 in
1120 783 1181 848 hac
1205 805 1298 868 quae·

151 887 255 953 stione
278 909 297 952 a
318 887 421 953 tribus
445 886 500 952 his
529 907 666 971 quorum
695 886 733 951 de
761 885 835 952 sede
861 907 927 952 non
955 891 1082 954 constat
1108 889 1298 976 fragmentis
1381 878 1383 881 ”

714 991 731 1057 1

196 1100 299 1177 Quam
322 1100 428 1185 lepide
450 1101 531 1166 lexis
555 1103 750 1184 compostae,
772 1105 810 1167 ut
832 1101 1005 1167 tesserulae
1028 1122 1138 1168 omnes

151 1223 185 1275 66
196 1211 264 1273 6116
287 1208 473 1292 pauimento
497 1211 593 1291 atque
616 1207 808 1273 emblemate
830 1207 1054 1274 uermiculatol

707 1312 739 1378 11

197 1419 346 1487 Crassum
369 1421 473 1487 habeo
498 1431 660 1508 generum,
682 1443 723 1486 ne
745 1422 995 1488 rhetoricoterus
1018 1426 1054 1488 tu
1078 1422 1153 1490 seis!

196 1635 369 1702 ‘Graecum‘
387 1640 428 1720 te,
451 1632 578 1720 Albuci,
602 1658 698 1721 quam
721 1635 904 1707 Romanum
929 1640 1024 1721 atque
1048 1635 1212 1724 Sabinum,

196 1744 393 1829 municipem
416 1743 523 1828 Ponti,
545 1743 678 1828 Tritani,
702 1744 936 1828 centurionum,

152 1869 186 1917 oo
196 1852 433 1938 praeclarorum
456 1851 625 1916 hominum
649 1873 687 1917 ac
709 1851 897 1936 primorum,
920 1851 1173 1938 signiferumque

195 1958 338 2024 maluisti
361 1958 432 2023 dici.
457 1955 575 2024 Craece
598 1979 674 2044 ergo
698 1961 827 2043 praetor
848 1955 995 2042 Athenis,

197 2066 230 2130 id
253 2065 340 2150 quod
364 2065 515 2149 maluisti,
537 2069 580 2150 te,
603 2087 675 2131 cum
699 2065 813 2130 adme
837 2065 970 2150 accedis,
994 2065 1113 2132 saluto:

197 2173 319 2256 chaere,
342 2172 484 2258 inquam,
506 2172 587 2239 Tite.
624 2172 779 2258 Lictores,
805 2177 912 2238 tauma
935 2175 1039 2239 omnis
1063 2173 1256 2259 chorusque:
1285 2230 1288 2237 .

197 2281 318 2365 chaere,
341 2279 433 2346 Tite'.
480 2279 566 2345 Hinc
588 2280 691 2347 hostis
715 2281 760 2345 mi
783 2278 948 2367 Albucius,
971 2280 1049 2348 hinc
1071 2281 1228 2347 inimicus.
1350 2340 1352 2343 .

241 2385 330 2452 Haeo
352 2387 415 2451 tria
436 2386 617 2473 fragmenta
639 2391 729 2472 patet
757 2410 796 2453 ex
823 2408 888 2453 uno
916 2389 1093 2474 eodemque
1119 2388 1204 2454 libro
1233 2411 1302 2455 esse

153 2495 335 2579 desumpta:
358 2493 509 2560 dicuutur
532 2494 616 2560 enim
641 2517 660 2559 6
683 2493 719 2572 Q.
733 2493 843 2561 Mucio
863 2493 1019 2561 Scaeuola
1036 2493 1169 2583 Augure
1194 2497 1302 2562 omnia

153 2603 188 2668 in
207 2602 342 2668 eundern
362 2600 397 2666 T.
411 2597 587 2668 Albucium
607 2606 639 2666 et
657 2601 695 2666 de
714 2601 825 2667 eadem
843 2624 886 2667 re.
918 2601 969 2667 Ex
987 2603 1176 2690 fragmentis
1194 2602 1302 2688 primo

154 2713 186 2775 et
214 2708 352 2775 secundo
381 2712 514 2793 apparet
540 2713 706 2793 praesente
734 2707 887 2794 Albucio,
915 2710 971 2794 qui
999 2709 1095 2776 modo
1124 2711 1302 2777 orationem

153 2815 311 2900 habuerit,
335 2814 523 2882 Scaeuolam
547 2815 646 2880 uerba
667 2816 781 2901 facere,
803 2836 863 2882 neo
881 2817 951 2883 'solo
969 2815 1108 2883 Albucio
1127 2821 1303 2902 praesente,

155 2922 210 2989 sed
237 2922 400 3008 pluribus,
432 2923 549 3007 quibus
582 2923 616 2988 in
645 2923 828 3010 fragmento
860 2925 957 2990 tertio
991 2925 1186 2990 demonstret
1218 2924 1302 2989 unde
1427 2906 1448 2924 ἰ

154 3028 312 3097 Albucius
335 3030 397 3095 sibi
420 3029 569 3096 inimicus
592 3030 697 3097 factus
727 3030 777 3096 sit.
823 3030 913 3097 Haec
939 3032 1002 3097 tria
1028 3033 1210 3118 fragmenta
1237 3054 1303 3097 non
1383 3123 1385 3128 Ι

153 3140 291 3224 possunt
313 3159 380 3202 non
401 3138 513 3203 referri
535 3137 578 3203 ad
598 3142 763 3203 narratum
787 3161 806 3204 6
828 3137 953 3205 Lucilio
977 3138 1131 3204 iudicium
1156 3142 1303 3223 repetun-

153 3245 267 3310 darum
291 3244 378 3329 quod
401 3265 485 3310 anno
509 3243 652 3329 6341120
675 3243 728 3311 661
752 3243 892 3330 6351119
912 3243 1051 3312 Albucio
1074 3249 1244 3311 accusante
1264 3247 1304 3311 (16

156 3349 311 3417 Scaeuola
336 3351 458 3417 factum
486 3355 548 3437 est,
573 3348 628 3436 qui
656 3373 740 3418 anno
765 3351 904 3438 6331121
930 3350 1148 3438 6616341120
1175 3357 1304 3438 praetor

154 3457 252 3524 Asiae
279 3458 464 3543 prouinciae
489 3459 594 3524 fuerat
618 3456 697 3546 (Cio.
717 3458 755 3525 de
775 3457 870 3525 61.Π
889 3459 969 3545 269,
992 3459 1204 3525 Wehrmanni
1232 3460 1303 3526 fast.

155 3569 254 3651 praet
273 3589 304 3651 p.
326 3562 391 3653 13),
415 3589 454 3631 ex
477 3569 628 3652 praetura
650 3589 733 3632 anno
758 3558 901 3650 6341120
920 3568 973 3632 uel
992 3565 1132 3652 6351119
1155 3570 1304 3652 repetun-

156 3673 269 3738 darum
292 3696 311 3738 6
333 3671 369 3737 Τ.
383 3670 523 3742 Albucio
551 3675 734 3758 postulatus
762 3677 817 3739 est.
865 3673 952 3751 Quae
983 3695 1078 3740 causa
1105 3696 1124 3739 a
1152 3673 1304 3740 Cicerone

156 3779 341 3865 saepissime
369 3783 578 3864 memoratum
612 3780 681 3846 sine
708 3781 806 3846 dubio
834 3780 951 3846 Lucilii
979 3784 1087 3847 satura
1119 3781 1187 3846 eius
1219 3781 1306 3846 fama

156 3890 324 3972 tantopere
346 3890 525 3975 propagata
548 3891 605 3953 est.
651 3887 726 3953 Vtri
748 3888 893 3954 Lucilius
916 3888 1034 3954 fauerit
1062 3889 1097 3954 in
1123 3889 1305 3954 narratione

156 3993 301 4079 actionis,
323 3994 456 4061 difficile
478 3995 622 4061 iudicatu
645 3999 707 4061 est:
735 4017 809 4060 nam
832 3994 941 4061 Mucio
966 3996 1126 4062 subiratus
1148 3994 1264 4061 dieitur
1287 4017 1306 4059 6

158 4099 310 4168 Cicerone
340 4101 380 4167 de
412 4100 560 4168 61172
594 4105 626 4167 61
658 4099 789 4169 Albucii
821 4102 919 4169 tradit
951 4100 1063 4169 Cicero
1095 4103 1188 4168 illum
1220 4104 1305 4167 artes

157 4209 298 4294 pueriles
324 4209 448 4295 risisse,
479 4209 544 4275 nisi
572 4207 682 4276 Cicero
710 4233 778 4276 rem
807 4214 918 4276 1161161
948 4234 1063 4296 parum
1094 4213 1242 4276 accurate
1273 4212 1306 4275 et

157 4316 254 4382 nimis
278 4317 422 4383 studiose
445 4317 531 4401 quod
554 4339 630 4383 sane
652 4318 820 4402 probabile
843 4321 899 4383 est.
935 4317 1080 4384 Lucilius
1103 4317 1203 4404 igitur
1226 4316 1306 4381 iudi-

160 4424 246 4490 cium
273 4424 355 4490 illud
382 4422 515 4490 tradidit
542 4425 715 4490 memoriae
742 4426 777 4489 in
804 4428 928 4509 satura,
954 4447 1019 4510 qua
1045 4423 1176 4491 Albucii
1203 4423 1305 4491 oratio
