3082 5018
211 354 255 421 544
612 351 701 410 XXVI
720 373 746 410 u.
761 371 784 411 o.
800 358 949 411 633-636,

138 536 190 586 630
210 520 346 585 cummis
368 520 468 585 nitere
489 519 617 604 opibus,
640 523 673 584 at
697 541 757 606 ego
781 523 893 585 contra
915 524 953 584 ut
974 519 1143 586 dissimilia
1165 520 1253 585 aiem.

208 719 274 763 non
297 697 417 765 idcirco
441 698 609 764 extollitur
631 718 690 762 neo
713 697 799 762 uitae
822 697 977 783 uegrandi
1001 698 1100 763 datur.

209 933 225 943 .
239 914 258 942 υ
275 875 393 942 euadat
415 875 530 942 saltem
553 876 676 960 aliquid
699 875 817 960 aliqua,
840 875 926 959 quod
950 880 1084 941 conatus
1106 898 1177 941 sum
1297 848 1355 937 3-

209 1076 323 1141 agpere
346 1056 380 1119 in
403 1054 557 1141 iaciendo,
580 1055 608 1119 si
632 1057 729 1140 quoat
752 1054 855 1119 uineis
878 1053 958 1118 actia
982 1075 1072 1138 opua,

208 1163 350 1248 primum
373 1161 407 1227 id
430 1162 509 1226 dant
531 1183 662 1245 operam
685 1165 721 1226 ut
745 1183 841 1246 quam
864 1162 1005 1245 primum
1029 1159 1194 1246 appellant

766 1449 795 1512 3.

139 1589 190 1639 ooo
210 1572 369 1658 principio
373 1572 499 1656 physici
509 1593 620 1637 omnes
631 1575 776 1636 constare
786 1570 949 1636 hominem
960 1593 999 1636 ex
1007 1572 1114 1637 anima
1121 1576 1154 1636 et
1160 1594 1295 1658 corpore
1310 1597 1358 1632 π-

210 1680 329 1745 dicunt.

209 1862 396 1928 paucorum,
418 1843 514 1925 atquc
537 1838 599 1903 hoc
621 1843 716 1923 pacto
740 1840 768 1904 ai
792 1839 839 1904 nil
862 1844 972 1926 gustat
996 1840 1233 1924 internundino,

210 2019 318 2084 animo
341 2019 398 2103 qui
421 2021 577 2104 aegrotat,
600 2016 744 2082 uidemus
768 2039 901 2103 corpore
924 2017 1010 2084 hunc
1033 2019 1163 2106 signum
1186 2019 1270 2118 dare,
1316 2090 1318 2094 ,

211 2202 280 2263 tum
304 2142 469 2263 doloriliua
492 2194 674 2261 confectum
697 2217 815 2282 corpus
838 2197 946 2261 animo
970 2197 1135 2262 obsistere.

138 2393 193 2443 340
212 2375 331 2441 idcirco
355 2397 465 2440 omnes
489 2396 641 2441 euasurus
664 2379 795 2440 censent
817 2374 1061 2461 aegritudinem,
1299 2383 1360 2434 -1

211 2570 284 2619 oum
303 2554 382 2640 <13>
401 2553 515 2638 stadio,
534 2553 566 2618 in
587 2553 765 2639 gymnasio,
784 2553 818 2617 in
832 2553 952 2638 duplici
967 2574 1083 2639 corpua
1098 2553 1267 2619 aiccaaeem
1282 2552 1360 2636 pilo,

209 2740 313 2817 'neque
334 2732 425 2816 prius
449 2755 545 2817 quam
569 2753 667 2797 uenae
689 2730 832 2797 hominia
855 2732 965 2818 tetigit
987 2754 1024 2798 ac
1047 2731 1242 2816 praecordia,

212 2853 414 2974 uestimentis
437 2909 541 2997 frigus
565 2914 662 2994 atque
684 2909 852 2975 horrorem
876 2916 1061 2976 exacturum
1085 2915 1178 2996 putet

211 3086 354 3155 lucorum
379 3092 582 3154 exauctorem
607 3086 768 3153 Albanum
792 3094 824 3153 et
846 3088 1076 3174 fulguritorum
1100 3090 1261 3153 arborum.
1314 3092 1360 3144 i·-

284 3369 344 3425 636
361 3369 433 3424 Non.
448 3389 475 3439 p.
491 3375 552 3438 333,
573 3375 605 3423 11
625 3369 740 3424 summis
759 3370 872 3442 Iuniae]
892 3371 994 3424 summi
1049 3372 1138 3426 nitere
1158 3373 1259 3427 Iunios
1277 3368 1361 3423 nitire

213 3452 239 3505 L
258 3449 379 3504 nitinere
399 3450 426 3504 (3
497 3449 552 3503 831
573 3448 645 3503 Non.
660 3468 689 3520 p.
705 3454 769 3517 183,
790 3456 832 3504 30.
851 3457 917 3519 337,
941 3457 973 3504 31
1046 3468 1098 3506 neo
1120 3452 1199 3505 uitae
1223 3449 1361 3520 uegrandi

215 3535 266 3584 133
284 3529 372 3584 nolite
390 3529 528 3601 uegraudi
547 3529 604 3600 (uel
623 3530 724 3601 grandi
740 3530 775 3602 G)
794 3536 845 3585 337
882 3530 940 3586 633
955 3530 1026 3586 Non.
1040 3550 1068 3602 p.
1083 3537 1145 3599 333,
1164 3537 1180 3585 3
1216 3529 1275 3585 663
1288 3529 1360 3582 Non.

213 3628 240 3679 p.
255 3615 322 3679 333,
345 3616 388 3665 aa.
408 3616 474 3678 343,
498 3615 539 3665 ao.
560 3615 625 3678 337,
650 3616 684 3665 aa
761 3627 845 3681 agere
868 3612 1000 3669 tercado
1075 3612 1194 3667 iacendo
1217 3609 1287 3667 codd
1309 3614 1361 3664 343

214 3691 334 3763 aiquoat]
354 3690 434 3761 eiquo
453 3694 497 3746 331
514 3691 545 3747 in
564 3696 615 3745 338
635 3692 659 3746 ai
677 3708 747 3761 quoa
765 3695 797 3748 tu
816 3697 868 3746 343
887 3692 996 3760 aiquoat
1013 3692 1041 3748 L
1058 3699 1123 3748 341
1144 3697 1195 3746 337
1211 3692 1234 3745 31
1249 3706 1305 3760 quo
1319 3692 1363 3744 eat

214 3772 240 3826 L
258 3775 327 3827 m.2
347 3772 374 3829 G
392 3777 443 3826 337
494 3772 638 3827 31313343
690 3789 760 3842 opus
775 3776 826 3827 338
841 3773 924 3842 opoat
937 3777 989 3827 343
1004 3788 1073 3842 opua
1088 3774 1132 3826 eat
1146 3777 1197 3826 337
1212 3772 1282 3826 Lm.
1292 3769 1362 3837 2‚G

213 3850 272 3906 664
291 3851 424 3923 suppleas
443 3869 521 3910 macro
537 3854 636 3909 343333
706 3852 765 3909 666
783 3852 854 3907 Non.
870 3871 896 3923 p.
913 3857 974 3921 373,
993 3858 1027 3907 33
1081 3852 1153 3908 flaici
1213 3850 1361 3906 66161311,

214 3951 240 4003 p.
256 3939 317 4001 314,
337 3938 370 3988 37
442 3933 515 3988 nihil
587 3932 644 3988 668
663 3934 776 4005 Nonp.
792 3938 853 4001 381,
874 3939 907 3988 14
925 3936 998 4003 (373,
1018 3935 1044 4003 7)
1116 3932 1165 4002 qui
1185 3930 1362 4002 6311363133]

214 4029 268 4083 que
322 4012 463 4085 uidemus]
484 4013 661 4086 Gwilelmiue]
674 4013 798 4069 uidimus
852 4013 910 4068 663
924 4013 995 4068 Non.
1010 4031 1037 4083 p.
1053 4019 1114 4082 368,
1128 4019 1162 4068 33
1216 4011 1276 4068 646
1289 4011 1360 4067 Non.

214 4112 241 4163 p.
250 4099 311 4163 334,
327 4099 341 4147 7
358 4096 429 4164 (333,
444 4095 471 4162 3)
526 4110 666 4148 cursuros:
681 4110 715 4149 ex
729 4094 850 4149 1333334
863 4094 1034 4150 emendatam
1047 4095 1184 4164 433133.
1221 4089 1278 4148 641
1289 4092 1361 4145 Non.

214 4190 240 4243 p.
256 4179 322 4242 334,
341 4180 375 4228 38
455 4172 531 4246 (in)
559 4173 659 4228 333311
737 4171 812 4244 pilae
838 4174 921 4240 codd,
941 4175 1066 4244 33331133
1088 4174 1205 4229 siccum:
1231 4189 1273 4230 em
1296 4173 1365 4228 eain

214 4250 272 4308 643
291 4252 362 4309 Nou.
377 4271 405 4323 p.
420 4258 482 4320 408,
501 4259 535 4307 34
607 4268 699 4322 neque
722 4253 835 4325 133133]
859 4268 980 4324 nequam
1052 4252 1110 4309 643
1128 4254 1200 4309 Nou.
1214 4270 1241 4323 p.
1256 4258 1322 4321 331,
1348 4257 1362 4305 7

215 4348 337 4388 orrorem
355 4335 512 4389 exactorem
531 4334 558 4388 L
629 4329 688 4387 644
705 4332 895 4403 Non.p.110,
915 4338 948 4389 18
1009 4333 1136 4390 lucorum
1154 4333 1362 4404 Lachmasmme]

215 4412 346 4482 luporum
432 4415 591 4469 exactorem
618 4413 734 4483 1333133
819 4413 960 4469 Albanum
987 4415 1172 4486 1333313333]
1199 4414 1362 4468 maluanum

215 4491 414 4564 fulguritarum
433 4494 560 4566 Lipsius]
581 4491 777 4564 fulguritatem
