3082 5018
233 342 317 398 CXVI
664 345 942 398 PROLEGOMENA.

120 519 179 548 '⁰¹⁰
232 513 265 573 et
278 508 396 573 Lucilii
409 508 662 573 Lachmanniani
685 511 867 592 patronum,
890 530 926 572 ea
944 530 1038 573 nemo
1058 509 1126 573 sine
1140 508 1245 572 taedio
1260 508 1380 592 poterit

232 614 403 702 perlegere.
464 613 648 679 Editionem
680 613 798 679 Lucilii
835 619 1081 700 praeparauerat
1113 613 1246 680 Carolus
1277 614 1379 680 Lach-

232 745 382 805 mannus,
414 722 471 807 qui
503 722 605 787 multa
637 726 669 786 et
700 722 829 808 egregia
856 721 993 806 protulit
1021 722 1059 785 de
1086 721 1204 788 Lucilii
1232 722 1378 788 uersibus

231 828 368 916 singulis
401 830 436 894 in
467 828 696 895 commentario
730 828 770 893 ad
796 828 982 893 Lucretium
1011 828 1082 893 aliis
1110 828 1242 894 libellis:
1275 829 1379 914 prius·

231 959 327 1020 quam
355 937 395 1002 ad
421 936 540 1001 librum
568 935 812 1022 perpoliendum
841 936 944 1018 uenit,
971 939 1074 1000 morte
1103 946 1275 1021 oppressus
1298 935 1379 1001 abiit

230 1044 270 1115 ad
284 1045 399 1128 pluras.
435 1042 547 1107 Edidit
555 1041 754 1107 Lachmanui
768 1041 900 1107 schedas
915 1046 1024 1107 auctas
1039 1065 1058 1106 a
1071 1041 1223 1108 Mauritio
1234 1041 1378 1128 Hauptio

229 1149 364 1216 Ioannes
391 1149 557 1215 Vahlenus
585 1151 753 1233 utriusque
786 1171 951 1215 successor
979 1148 1196 1214 Berolinensis
1229 1150 1263 1215 in
1294 1149 1377 1215 libro
1472 1151 1474 1156 ’

230 1256 274 1323 Ὀ.
284 1257 402 1323 Lucilii
421 1260 609 1321 saturarum.
643 1253 775 1321 Carolus
789 1256 1014 1321 Lachmannus
1034 1256 1216 1321 emendauit
1234 1255 1378 1322 Berolini

232 1364 328 1429 1876’
354 1385 479 1429 summa
502 1386 575 1429 cum
599 1363 720 1447 pietate
743 1368 776 1428 et
797 1367 834 1428 ut
856 1363 980 1428 adsolet
1002 1362 1180 1449 diligentia,
1205 1363 1378 1429 uerborum

229 1471 368 1536 indicem
392 1469 515 1536 addidit
538 1468 685 1535 Vahleno
718 1472 848 1534 auctore
880 1468 1069 1535 Franciscus
1101 1469 1227 1534 Harder
1263 1468 1378 1534 ‘Iudex

229 1578 414 1642 Lucilianus
429 1575 572 1641 Berolini
590 1575 687 1641 1878’
708 1599 802 1660 quem
822 1599 880 1641 nos
899 1577 1065 1661 potuimus
1084 1578 1240 1661 supplere.
1274 1575 1377 1654 Quam

229 1684 403 1750 editionem
432 1684 557 1748 etiamsi
584 1704 650 1747 non
677 1683 852 1769 permultas
881 1705 981 1748 nouas
1012 1683 1249 1748 emendationes
1276 1684 1377 1750 Lach-

229 1793 338 1856 manni
358 1790 547 1874 exhibuerit,
568 1791 597 1855 ei
617 1791 673 1874 qui
692 1790 868 1856 enchiridia
885 1794 918 1855 et
935 1791 999 1855 alia
1017 1791 1275 1875 conscripserimt
1292 1792 1377 1856 haud

229 1900 361 1983 impune
383 1898 594 1983 neglexerunt
617 1897 791 1980 inquibus
814 1898 916 1962 multa
938 1898 1085 1963 feruntur
1102 1902 1266 1981 tamquam
1284 1897 1378 1963 Luci·

227 2005 315 2070 liena
337 2027 417 2089 quae
440 2002 600 2069 Lucianea
622 2007 697 2068 sont
721 2005 790 2069 siue
812 2003 1032 2069 Muelleriana:
1063 2005 1164 2069 ueluti
1193 2006 1247 2087 qui
1275 2026 1389 2089 nuper,

228 2111 376 2178 Muelleri
398 2110 546 2178 uersibus
565 2109 636 2176 138
661 2112 707 2175 ita
730 2113 914 2176 constitutis

317 2240 412 2304 porro
436 2220 629 2303 quicumque
653 2222 685 2282 et
708 2219 898 2303 cuicumque
920 2222 957 2282 nt
979 2219 1119 2283 diximus
1143 2223 1216 2283 ante

318 2327 487 2409 obstiterit,
511 2327 634 2410 preimo
658 2325 822 2391 cerebrum
845 2325 922 2390 huic
944 2325 1041 2391 refert
1064 2327 1167 2390 minui
1189 2348 1232 2412 re,

228 2429 347 2498 abusus
366 2437 415 2498 est
434 2432 474 2496 ad
491 2432 566 2496 libri
584 2430 600 2495 I
623 2437 846 2519 argumentum
866 2433 1134 2517 constituendum,
1156 2433 1232 2498 huic
1249 2433 1377 2498 homiui

227 2540 262 2605 id
297 2542 426 2606 fecisset
462 2543 557 2624 poeta
593 2539 622 2603 si
658 2543 819 2624 superstes
852 2543 948 2622 esset,
985 2541 1072 2624 quod
1103 2539 1277 2605 Muellerus
1310 2541 1376 2605 illis

227 2649 375 2713 uersibus
394 2648 553 2711 Lucilium
573 2647 650 2711 fecit
669 2646 870 2712 scribentem.
915 2647 991 2711 Pari
1009 2646 1141 2713 audacia
1160 2649 1194 2712 in
1212 2671 1246 2712 re
1265 2650 1377 2713 critica

229 2761 296 2821 erat
319 2754 476 2819 Aemilius
495 2753 717 2837 Baehrensius,
741 2753 902 2838 quondam
921 2752 1067 2819 Muelleri
1090 2754 1276 2840 discipulus,
1300 2777 1376 2820 mox

228 2862 436 2945 aduersarius,
451 2862 506 2945 qui
520 2860 638 2926 Lucilii
651 2860 802 2945 reliquias
817 2861 918 2926 edidit
932 2862 966 2926 in
980 2860 1193 2946 ‘Fragmentis
1207 2867 1374 2945 poetarum

228 2967 457 3034 Romanorum’
477 2965 605 3051 Lipsiae
630 2966 715 3032 1886
739 2991 769 3052 p.
788 2967 850 3032 139
862 2990 947 3052 seqq.

315 3073 445 3140 Praeter
457 3095 511 3138 ecs
526 3095 607 3158 quos
622 3073 717 3139 modo
731 3075 897 3139 nominaui
911 3075 999 3140 uiros
1014 3074 1126 3140 doctos
1141 3076 1262 3162 insigni
1276 3077 1372 3142 modo

229 3183 266 3248 de
293 3180 411 3247 Lucilii
439 3180 661 3244 emendatione
688 3184 721 3245 et
749 3182 1012 3267 interpretatione
1040 3185 1158 3247 meruit
1184 3181 1373 3249 Franciscus

226 3289 451 3371 Buechelerus,
475 3287 658 3353 criticorum
678 3287 772 3352 facile
791 3289 950 3373 princeps,
969 3293 1001 3353 et
1020 3289 1145 3354 iustitia
1163 3294 1196 3354 et
1215 3291 1374 3374 aequitate

227 3396 338 3461 iudicii
369 3398 406 3459 ut
433 3392 573 3458 hominis
602 3394 674 3458 duri
702 3399 734 3459 et
762 3395 880 3479 acerbi,
909 3394 1015 3461 Caroli
1042 3394 1196 3461 Friderici
1222 3393 1373 3460 Guilelmi

226 3500 371 3568 Muelleri
390 3500 596 3585 praeconium
615 3522 791 3585 uocemque
810 3524 895 3566 nunc
913 3507 1092 3567 emortuam
1110 3503 1227 3568 litteris
1241 3501 1373 3586 tradam,

227 3629 308 3673 unus
335 3606 437 3671 instar
468 3606 642 3671 multorum
671 3607 805 3674 milium.
852 3609 923 3695 Ego
950 3610 1120 3694 plerasque
1150 3608 1294 3674 uirorum
1319 3608 1373 3672 do-

227 3719 350 3780 ctorum
369 3715 568 3779 coniecturas
587 3737 652 3780 nou
671 3716 704 3780 in
724 3716 930 3782 adnotatione
953 3716 1064 3781 critica
1086 3717 1141 3782 sed
1163 3717 1196 3781 in
1215 3737 1373 3781 commen-

225 3823 307 3887 tario
341 3822 450 3887 curaui
483 3821 697 3907 collocandas,
734 3821 911 3908 permultas
945 3823 1074 3889 silentio
1111 3824 1271 3909 oppressi,
1308 3843 1373 3888 non

226 3933 350 3994 tantum
375 3929 520 4016 aliorum,
544 3930 599 3994 sed
622 3931 718 3994 etiam
742 3952 837 3996 meas.

312 4035 472 4122 Equidem
497 4037 628 4102 memini
647 4035 811 4120 Petropoli
836 4058 908 4102 cum
933 4038 1080 4124 degerem
1099 4038 1221 4103 narrari
1241 4036 1372 4102 solitum

225 4147 258 4209 in
277 4143 406 4209 circulis
426 4146 597 4210 secundum
618 4144 808 4208 sententiam
829 4145 968 4209 auctoris
988 4145 1095 4209 omnia
1113 4143 1179 4209 fere
1198 4146 1230 4208 in
1248 4143 1372 4210 Lucilio

225 4251 421 4316 emendando
441 4256 472 4316 et
492 4250 666 4315 enarrando
686 4248 785 4314 fuisse
804 4250 843 4315 ad
861 4250 958 4316 finem
977 4251 1139 4336 perducta,
1157 4251 1213 4315 ubi
1232 4251 1372 4334 primum

224 4357 323 4421 editio
351 4358 525 4442 Lipsiensis
555 4357 630 4420 anni
655 4355 740 4420 1872
768 4355 931 4441 prodierit.
977 4357 1136 4422 Videlicet
1162 4357 1252 4422 nulla
1282 4359 1316 4423 in
1338 4380 1374 4423 re

182 4538 185 4545 ¹
224 4463 328 4551 magis
352 4464 554 4549 decipiuntur
577 4463 737 4549 homines,
768 4485 863 4546 quam
888 4465 922 4528 iu
946 4465 1088 4549 ipsorum
1112 4466 1264 4550 operibus
1286 4470 1373 4531 recte
