3082 5018
232 350 318 407 CVIII
641 390 643 393 .
663 352 942 405 PROLEGOMENA.

232 515 372 599 primum
391 515 511 580 librum
530 515 651 580 maiore
669 515 775 581 studio
795 537 863 579 esse
884 512 1073 595 adhibitum,
1097 512 1129 577 id
1147 515 1197 579 est
1213 511 1269 577 lib.
1284 512 1375 577 XXX

232 643 336 706 neque
358 625 468 689 tamen
491 623 525 686 in
547 621 662 687 ultimo
685 621 769 687 libro
793 621 827 685 id
849 623 898 686 est
920 618 1029 685 XXVI
1051 620 1147 685 nimis
1171 641 1309 685 cessasse
1330 621 1375 685 la·

231 727 356 814 borem,
390 749 462 793 cum
494 728 527 793 in
553 726 713 794 Aeneidos
740 729 832 793 libris
859 725 906 791 XI
933 730 966 792 et
986 724 1049 790 XII
1076 749 1226 791 uersuum
1251 725 1315 791 915
1343 730 1376 792 et

232 833 297 899 952
321 834 528 921 amplissimis
552 836 695 900 omnium
719 836 871 900 minimus
895 835 938 899 sit
959 855 1111 899 numerus
1131 832 1275 898 locorum
1296 855 1375 918 quos

233 942 415 1028 exscripsit,
439 942 687 1007 11410141.
733 941 846 1026 Itaque
874 943 991 1026 quotus
1016 941 1151 1025 quisque
1173 963 1285 1006 uersus
1313 963 1375 1008 ser·

231 1052 325 1115 uatus
345 1049 387 1115 sit
406 1047 550 1114 inlibris
569 1049 706 1135 singulis
724 1046 842 1113 Lucilii
859 1046 1105 1112 XXX—XXVI
1123 1046 1295 1113 obscurum
1314 1050 1375 1114 est:

232 1155 265 1220 id
288 1176 364 1221 uero
388 1178 406 1222 e
428 1155 568 1242 Vergilii
596 1156 835 1241 comparatione
861 1156 899 1219 fit
926 1153 1094 1240 probabile
1116 1155 1186 1240 pari
1214 1157 1247 1220 et
1274 1176 1376 1239 aequa

231 1261 298 1328 iere
320 1263 445 1328 ratione
465 1262 623 1328 librorum
642 1261 886 1328 XXVI-XXX
906 1262 961 1345 qui
980 1260 1106 1328 diuersa
1124 1259 1244 1327 suerint
1263 1261 1375 1346 ampli-

231 1368 343 1434 tudine
374 1372 482 1454 partes
515 1370 614 1436 fuisse
651 1368 820 1434 adhibitas.
875 1367 919 1432 Et
955 1367 1037 1434 alter
1072 1372 1240 1454 excerptor
1274 1368 1375 1433 libros

231 1471 355 1539 I-VII
377 1473 494 1540 Lucilii
521 1476 593 1561 pari
620 1477 688 1542 fere
714 1476 839 1542 ratione
867 1474 1014 1540 adhibuit
1043 1475 1129 1560 quod
1159 1479 1305 1561 apertum
1337 1475 1376 1539 fit

231 1580 282 1646 his
305 1583 446 1647 numeris
470 1582 586 1667 quibus
610 1583 858 1669 comparationis
882 1604 977 1647 causa
993 1583 1136 1649 Lucretii
1155 1582 1299 1649 locorum
1318 1605 1374 1646 nu·

232 1709 337 1753 meros
360 1687 507 1773 adposui:
531 1690 642 1754 attulit
664 1688 791 1756 Nonius
815 1713 832 1755 e

445 1796 586 1862 Lucretii
604 1796 659 1862 Hb.
680 1795 695 1861 I
741 1818 891 1862 uersuum
914 1797 999 1861 1109
1022 1798 1110 1863 locos
1131 1797 1172 1861 14

801 1954 819 1988 „
912 1902 997 1968 1174
1059 1953 1077 1988 „
1129 1903 1171 1969 23

802 2059 820 2093 ,,
912 2009 997 2074 1092
1059 2060 1077 2094 „
1131 2009 1171 2075 18

803 2165 821 2199 „
913 2115 998 2180 1279
1060 2166 1077 2200 „
1131 2116 1172 2181 16

798 2273 820 2308 s„
912 2222 997 2288 1455
1059 2273 1077 2308 „
1131 2222 1172 2288 19

801 2380 819 2415 „
911 2330 996 2394 1284
1058 2380 1076 2414 ,,
1131 2329 1172 2394 16

321 2433 427 2500 Simili
450 2439 574 2503 ratione
598 2462 615 2504 e

298 2542 414 2607 Lucilii
435 2543 524 2609 lib.I
626 2546 715 2611 locos
736 2545 777 2609 14
830 2543 947 2608 Lucilii
966 2543 1020 2608 lib.
1037 2543 1099 2609 XII
1182 2542 1269 2608 locos
1310 2544 1330 2608 3

661 2702 679 2736 n
736 2650 776 2715 13
883 2699 900 2733 a
986 2700 1004 2733 rr
1039 2647 1118 2714 xm
1216 2701 1233 2734 rr
1310 2651 1331 2715 9

661 2808 679 2842 ,,
736 2757 776 2822 13
883 2806 901 2840 ,,
986 2805 1003 2841 ,,
1039 2755 1117 2820 mv
1215 2807 1233 2841 ,,
1310 2757 1330 2822 8

661 2914 679 2947 u
736 2864 776 2928 12
883 2913 901 2947 rr
984 2913 1003 2946 u
1038 2862 1101 2926 XV
1216 2913 1233 2947 rr
1291 2863 1331 2927 13

661 3021 680 3055 n
736 2971 777 3035 14
883 3019 901 3053 n
984 3020 1003 3053 rr
1038 2968 1117 3035 XVI
1215 3021 1233 3055 u
1310 2973 1330 3034 6

661 3127 679 3160 u
736 3078 776 3141 12
883 3126 901 3160 n
984 3126 1002 3159 a
1038 3074 1131 3140 XVII
1216 3128 1233 3161 u
1310 3078 1330 3141 3

662 3234 680 3266 rr
736 3185 774 3248 ll
883 3232 901 3266 rr
986 3232 1003 3266 rr
1039 3181 1149 3247 XVIII
1215 3233 1233 3266 u
1309 3184 1331 3248 0

662 3339 679 3371 a
756 3290 776 3353 9
884 3341 900 3373 rr
986 3340 1003 3373 n
1038 3287 1164 3354 XVIIII
1215 3341 1233 3373 u
1309 3291 1332 3354 4

662 3444 680 3478 u
756 3396 776 3459 9
883 3447 901 3481 n
981 3447 998 3480 rr
1035 3394 1095 3458 XX
1215 3446 1232 3480 rr
1310 3397 1331 3460 4

662 3552 680 3586 n
758 3503 775 3565 7
884 3553 901 3585 rr
981 3552 999 3586 rr
1034 3499 1127 3567 ΧΧΠ
1216 3552 1233 3587 rr
1312 3501 1328 3564 1

510 2650 606 3671 ΞΜΞΞΞΞ<ΞΞΞ

757 3608 776 3672 9

662 3657 680 3691 >a

232 3712 345 3799 Itaque
368 3715 469 3800 siquis
494 3716 632 3781 coniciet
653 3716 715 3781 hac
737 3715 886 3781 inductus
913 3715 1122 3781 similitudine
1144 3715 1244 3780 libros
1268 3713 1374 3779 XXVI

233 3819 368 3886 -XXX
400 3822 509 3887 eadem
541 3823 608 3888 fere
639 3823 739 3889 fuisse
771 3823 980 3908 amplitudine
1013 3844 1076 3906 qua
1106 3820 1243 3908 Vergilii
1275 3820 1375 3886 libros

232 3925 406 4013 Aeneidos,
432 3930 532 3995 libros
563 3952 582 3994 a
609 3952 683 3995 sene
711 3935 806 4016 poeta
833 3935 865 3995 et
888 3931 991 4016 magis
1013 3930 1141 4013 loquaci
1164 3950 1260 4013 quam
1283 3931 1376 4000 antea

233 4039 300 4101 erat
322 4036 396 4101 inde
423 4036 479 4101 al
507 4059 609 4121 usque
637 4037 677 4102 ad
699 4036 760 4102 XX
788 4038 986 4122 conscriptos
1017 4036 1125 4102 eadem
1150 4057 1213 4120 qua
1235 4035 1375 4101 Lucretii

231 4143 340 4228 libros,
364 4144 511 4229 equidem
534 4165 600 4211 non
622 4165 807 4230 repugnem,
831 4145 956 4210 etiamsi
979 4147 1088 4229 pateat
1108 4143 1191 4208 hanc
1210 4164 1376 4228 argumen-

231 4251 386 4317 tationem
410 4251 582 4316 admodum
606 4272 675 4316 esse
698 4252 859 4317 incertam.

320 4355 388 4421 lam
416 4357 455 4422 de
482 4356 573 4423 libris
602 4354 709 4422 XXIX
737 4360 769 4421 et
795 4354 936 4422 XXVIII
962 4356 1080 4422 Lucilii
1109 4357 1288 4422 accuratius
1317 4356 1377 4422 erit

232 4462 399 4555 agendum.
445 4463 473 4529 Ε
498 4465 616 4554 quibus
640 4464 760 4533 seruati
782 4467 857 4529 sunt
880 4463 965 4553 apud
988 4462 1131 4534 Nonium
