3044 5016
564 307 697 362 I-XXV.
717 308 950 364 XXVIII-XXX.

614 456 761 556 quamuis
785 472 888 538 bonus
912 475 981 558 ipse

187 576 323 663 Samnis,
346 578 380 642 in
404 578 480 643 ludo
504 599 541 644 ao
564 578 697 644 rudibus
722 579 825 645 cuiuis
849 581 926 646 satis
949 603 1043 667 asper

400 761 556 841 quantum
579 757 742 823 hinnitum
765 762 861 843 atque
884 759 1063 845 equitatum

185 955 280 1019 quem
303 935 486 1020 praeclarus
508 935 632 1022 helops,
656 960 750 1022 quem
774 936 925 1023 Aegypto
950 959 1062 1024 sargus
1086 941 1231 1006 mouebit

184 1135 362 1199 querquera
386 1115 631 1200 consequitur*
656 1116 834 1201 capitisque
857 1117 983 1182 dolores

183 1293 238 1377 qui
262 1313 393 1378 compos
417 1293 580 1379 collesque
603 1294 705 1380 gradu
728 1295 906 1379 perlabitur
928 1316 993 1361 uno

183 1471 239 1556 qui
263 1470 429 1538 schedium
452 1472 485 1535 fa
500 1523 506 1536 .
522 1524 528 1536 .
545 1525 550 1537 .

224 1650 363 1716 utillud
384 1651 536 1734 Africani
558 1653 641 1735 quod
661 1658 706 1717 est
727 1654 815 1735 apud
836 1653 1011 1719 Isuu'le'uru:

182 1757 271 1842 ‘quid
290 1756 431 1824 Decius?
453 1756 616 1824 Nuculam
639 1781 680 1824 an
704 1759 866 1825 confixum
890 1761 940 1826 uis
964 1762 1100 1828 faeere?
1126 1762 1238 1847 inquit.
1268 1757 1270 1759 ’
1350 1780 1418 1828 1280

180 1936 257 2020 quid
280 1937 340 2002 tibi
363 1958 423 2024 ego
448 1938 598 2023 ambages
617 1938 640 2022 †
658 1938 768 2002 ambru
792 1940 928 2004 scribere
952 1941 1069 2004 coner?

180 2116 291 2200 quidni
315 2121 346 2180 et
371 2121 477 2181 scruta
499 2116 629 2201 quidem
653 2121 689 2181 ut
712 2118 830 2204 uendat
852 2118 1027 2182 scrutarius
1050 2118 1169 2204 laudat,

177 2224 389 2307 praefractam
412 2223 573 2310 strigilim,
597 2224 717 2289 soleam
741 2225 895 2308 inprobus
920 2224 1127 2290 dimidiatam.

179 2403 250 2486 quis
273 2404 359 2467 hunc
382 2423 507 2467 currere
532 2424 623 2468 ecum
647 2424 706 2467 nos
730 2405 827 2486 atque
851 2403 993 2487 equitare
1016 2404 1171 2488 uidemus,

177 2509 227 2574 his
252 2509 376 2594 equitat
399 2511 570 2594 curritque.
616 2509 718 2574 oculis
743 2511 887 2593 equitare
911 2510 1071 2576 uidemus:

177 2638 254 2702 ergo
278 2616 381 2681 oculis
404 2616 535 2700 equitat.

248 2863 325 2919 1284
344 2864 460 2919 Aristot.
480 2864 558 2934 soph.
578 2864 684 2919 elench.
705 2881 765 2934 cap.
782 2870 816 2918 20
835 2883 862 2935 p.
879 2870 955 2919 1771
975 2865 1032 2920 361)
1054 2871 1087 2920 10

177 2996 389 3004 -.-—.—--.

248 3087 324 3143 1278
343 3087 399 3143 (lic.
415 3088 450 3142 de
465 3105 503 3142 or.
518 3087 557 3142 111
571 3093 604 3142 86
660 3087 759 3156 cuiuis,
778 3087 858 3155 ciuis,
878 3089 956 3142 cuius
974 3089 1080 3145 sluslle'u
1093 3091 1161 3145 codd
1215 3091 1326 3147 uidetur·

174 3170 363 3225 collocandum
376 3175 442 3240 post
459 3169 504 3224 lib.
520 3170 569 3224 IV
578 3188 605 3224 u.
622 3174 675 3225 158
698 3177 808 3226 auclore
826 3171 861 3224 F.
871 3171 971 3225 Dousu
1044 3168 1120 3224 1271
1139 3169 1228 3224 Varro
1253 3171 1288 3226 de
1306 3172 1324 3226 l.

175 3251 234 3304 Lat.
250 3249 301 3304 VH
316 3255 367 3305 103
419 3249 583 3305 12702111.
599 3269 626 3320 p.
643 3255 702 3317 322,
714 3257 747 3304 22
799 3249 874 3305 1277
889 3250 968 3304 Paul.
983 3269 1010 3319 p.
1022 3255 1073 3304 236
1092 3250 1166 3304 Fest.
1181 3255 1324 3320 1123133

175 3333 303 3401 suppleas
321 3331 418 3385 lateris
473 3331 662 3386 collocandum
680 3332 791 3386 uldeuu
811 3337 874 3400 post
892 3331 938 3385 110.
958 3331 1022 3384 Vu.
1039 3335 1090 3384 190
1146 3329 1221 3385 1278
1240 3331 1323 3401 Apul.

174 3409 261 3465 florid.
282 3411 346 3464 XXI
419 3412 463 3466 110.
484 3412 565 3465 XIV
585 3418 648 3482 post
666 3429 692 3466 u.
713 3416 769 3466 476
800 3418 869 3467 recle
902 3413 1012 3466 uidetur
1043 3413 1184 3466 collocasse
1213 3413 1326 3467 Golulus

175 3489 252 3546 1270
272 3491 344 3546 Fest.
360 3510 387 3561 p.
403 3498 463 3558 334,
475 3497 508 3545 13
527 3492 606 3545 Paul.
621 3510 648 3561 p.
665 3497 716 3547 333
735 3491 818 3561 Apul.
843 3492 879 3545 de
902 3491 954 3546 deo
978 3491 1052 3546 Scor.
1076 3491 1158 3546 initio
1181 3491 1324 3547 Petron4

174 3571 306 3641 suppleas
327 3572 386 3639 ‘qui
406 3572 552 3626 schedium
570 3571 675 3627 faciam
692 3574 812 3638 tantum,
831 3589 887 3626 non
901 3571 1027 3626 carmina
1040 3573 1118 3627 uora’
1176 3572 1252 3628 1280
1267 3573 1322 3628 (lio.

174 3651 208 3704 de
223 3669 261 3706 or.
276 3651 367 3705 11253
423 3652 519 3707 decius
538 3653 640 3724 1111911
653 3651 785 3722 spaedius
799 3654 891 3708 mutili
944 3652 1068 3707 nuculan
1082 3653 1216 3709 conficere
1231 3653 1324 3724 inquit

173 3733 264 3788 mutili
319 3731 394 3787 1281
414 3732 503 3787 Varro
518 3733 553 3787 de
568 3733 585 3786 l.
601 3733 662 3787 Lat.
677 3732 729 3788 Vll
743 3738 777 3787 30
831 3732 947 3788 Ambiui
960 3734 1040 3789 euru:
1058 3732 1155 3788 ambiu
1169 3736 1213 3789 uel
1227 3734 1323 3790 ambui
1435 3766 1436 3769 =

173 3812 236 3866 cccl:
262 3813 377 3880 fortusse
403 3814 550 3868 amborum
623 3812 698 3869 1282
724 3812 794 3868 Gell.
808 3813 847 3868 III
862 3818 935 3881 14,8
1008 3815 1161 3870 scmterius
1189 3816 1266 3888 edlu]
1295 3818 1324 3870 et

172 3893 324 3947 scrutarius
370 3894 785 3964 praefractamPpraefaetam
802 3895 852 3949 VR
907 3893 1045 3965 strigilem
1061 3896 1146 3970 0111111
1158 3896 1241 3951 coclel:
1259 3896 1322 3950 stri-

172 3972 253 4042 gilim
281 3975 382 4044 leuaret
410 3974 531 4030 01111811
558 3982 653 4030 auctor
674 3961 762 4030 um
773 3993 802 4045 p.
819 3979 880 4040 126,
897 3977 957 4030 sK.
979 4008 1012 4016 -
1028 3977 1187 4046 percendum
1212 3977 1323 4031 elidetur

172 4054 217 4108 lib.
232 4054 264 4107 X
272 4061 336 4123 post
349 4071 376 4108 u.
392 4059 450 4109 388
504 4052 581 4109 1284
596 4054 666 4109 Gall.
681 4055 771 4110 XVIII
785 4061 837 4123 5‚8
850 4056 927 4111 unde
940 4056 1011 4111 Non.
1027 4076 1054 4127 p.
1072 4061 1130 4122 103,
1142 4061 1184 4123 32,
1198 4056 1320 4111 Macrob.

172 4133 229 4188 Sat.
244 4133 283 4187 VI
297 4140 322 4200 3,
334 4139 365 4188 11
386 4134 461 4207 quis]
480 4151 582 4205 nempe
601 4136 725 4192 Macrob.
789 4136 865 4191 hunc
887 4138 961 4192 Nou.
987 4138 1110 4192 Macrol.
1135 4137 1204 4192 coclrl
1225 4142 1251 4191 et
1272 4139 1322 4191 eorl

173 4215 319 4283 Graux,
345 4215 454 4290 reliqui·
472 4215 539 4270 hinc
611 4233 691 4271 ecum
715 4217 805 4272 Nouii
822 4219 849 4272 L
874 4218 958 4272 Gellii
978 4217 1001 4271 0
1019 4222 1073 4285 equ
1100 4217 1184 4272 Gellii
1202 4217 1233 4271 X
1246 4234 1279 4270 ur.
1296 4223 1319 4282 1,

171 4311 274 4364 equum
292 4296 382 4352 Nouii
397 4296 423 4351 G
441 4297 542 4366 reliqui
559 4296 629 4352 coelet
649 4298 733 4352 Gellii
754 4300 876 4354 Macrob.
932 4313 983 4351 nos
1002 4299 1088 4366 atque
1106 4297 1175 4351 eocld
1196 4297 1279 4352 Gellii
1297 4306 1322 4353 el

173 4377 312 4437 Macrobii
328 4395 379 4432 nos
399 4379 485 4446 alque
504 4393 557 4447 ego
577 4377 717 4432 Macrobii
732 4379 759 4430 P
775 4395 831 4432 non
850 4395 941 4448 aquae
964 4379 1033 4432 codol
1052 4378 1141 4432 Nouii
1203 4377 1321 4432 uidebat

169 4457 239 4512 codol
257 4458 348 4514 Nouii
420 4455 558 4514 128101(
578 4457 662 4514 Gellii
678 4459 748 4513 coclcl
770 4459 819 4529 QZ
