3052 5024
217 338 328 394 LXXVI
651 344 931 396 PROLEGOMENA.

218 506 294 568 sunt
311 502 493 589 Porphyrio
512 502 634 570 Gellius
647 502 775 571 Nonius
794 508 1023 591 grammaticus
1043 504 1125 571 CGL
1139 503 1187 570 IV
1201 528 1230 590 p.
1245 502 1365 570 XVIII.

77 607 327 695 procedantque
363 610 553 677 scholiastes
585 613 620 675 in
649 610 831 698 Vergilium
868 614 923 697 qui
961 614 1079 679 seruati
1116 615 1192 677 sunt
1219 613 1365 698 priorum

218 718 503 804 grammaticorum
531 718 631 785 libros
660 719 834 805 compilare
860 741 965 804 neque
987 720 1149 786 Lucilium
1177 721 1283 805 ipsum
1310 739 1366 784 eos

217 825 335 913 legisse
357 828 484 910 praeter
506 824 648 891 Probum
676 828 782 912 primo
806 826 922 892 obtutu
945 831 1088 912 apparet,
1117 826 1202 892 idem
1225 828 1367 891 statuen-

217 931 294 998 dum
318 936 368 998 cst
389 932 429 998 de
450 931 571 998 Donati
596 935 651 1017 qui
674 935 822 999 feruntur
851 935 1089 1000 commentariis
1112 936 1147 999 in
1169 932 1366 1017 Terentium,

218 1039 256 1104 ds
274 1040 377 1105 Persii
395 1038 558 1107 quenalis
571 1024 695 1106 Lucani
714 1043 952 1107 commentariis
972 1043 1082 1125 quales
1099 1040 1197 1107 hodie
1215 1040 1367 1127 leguntur

217 1150 251 1212 et
286 1147 325 1213 de
360 1147 435 1214 falsi
471 1145 605 1215 Asconii
647 1151 878 1215 commentario
920 1150 955 1214 in
991 1148 1154 1215 Ciceronis
1191 1149 1366 1214 orationes:

63 1253 205 1347 Hffjmj'
219 1253 438 1340 Hieronymus
467 1277 548 1340 quae
574 1255 673 1321 habet
700 1257 833 1341 propria
859 1257 898 1321 de
925 1256 1051 1322 Lucilio
1080 1261 1112 1322 61
1138 1255 1303 1323 Ausonius
1331 1277 1368 1320 ea

219 1365 348 1447 sumpta
370 1384 439 1428 esse
463 1384 480 1427 6
504 1362 623 1429 talibus
645 1365 680 1428 in
699 1362 884 1430 Ciceronem
903 1363 1089 1430 quenalem
1109 1364 1189 1429 alios
1209 1384 1368 1430 commen·

107 1485 205 1526 arara
218 1469 310 1534 tariis
334 1471 390 1553 qui
408 1469 504 1534 hodie
522 1491 589 1534 non
607 1471 671 1536 iam
691 1474 803 1536 extant
820 1473 940 1556 passim
963 1471 1201 1536 ednotauimus:
1223 1468 1368 1536 Isidorus

219 1574 319 1663 uulgo
342 1575 446 1641 fertur
469 1599 486 1641 e
510 1575 665 1643 Suetonio
693 1599 806 1643 uersus
828 1577 946 1644 Lucilii
975 1567 1157 1663 sumpsisse.
1203 1575 1368 1642 Adhibue·

218 1686 295 1748 runt
317 1704 414 1768 porro
437 1688 583 1749 auctores
607 1686 910 1750 commentariorum
930 1686 964 1750 in
982 1683 1168 1750 Terentium
1186 1683 1368 1770 Vergilium

218 1789 391 1858 Horatium
428 1791 527 1857 libros
559 1815 578 1857 a
609 1790 625 1857 I
657 1814 759 1876 usque
790 1792 831 1857 ad
862 1791 954 1857 XXX
987 1814 1096 1858 omnes
1129 1795 1256 1877 praeter
1281 1789 1367 1856 XXI.

86 1916 206 1966 Porum
219 1898 401 1983 Porphyrio
426 1899 563 1982 deniquo
586 1899 658 1963 ideo
681 1898 900 1964 memorabilis
923 1900 1008 1964 inter
1030 1901 1161 1983 ceteros,
1185 1897 1271 1982 quod
1295 1896 1369 1962 inde

219 2029 290 2091 ap.
306 2006 358 2091 31,
380 2005 420 2070 19
444 2004 579 2070 Holderi
603 2004 635 2069 id
654 2009 704 2070 est
727 2003 807 2071 od.I
826 2006 878 2085 22,
904 2005 1065 2089 Idusque
1090 2004 1129 2069 ad
1152 2003 1312 2089 p.239,2
1336 2004 1369 2068 id

219 2116 269 2178 est
304 2112 345 2177 ad
378 2111 507 2179 Horatii
544 2110 675 2177 serml
707 2113 742 2196 2,
776 2112 839 2178 125
872 2117 921 2178 ter
958 2115 1055 2198 poeta
1088 2111 1230 2176 adfertur
1266 2111 1369 2175 ueluti

220 2220 376 2287 ‘Lucilius
405 2221 439 2285 in
466 2217 567 2304 VHI',
589 2219 663 2285 inde
686 2242 713 2284 a.
732 2243 763 2305 p.
778 2221 852 2304 240,
871 2221 891 2284 6
920 2241 1021 2303 usque
1049 2219 1089 2283 ad
1116 2242 1146 2305 p.
1166 2217 1307 2303 279,16
1336 2219 1369 2283 id

219 2330 269 2393 est
291 2325 365 2393 inde
388 2325 429 2391 ab
452 2324 581 2393 Horatii
609 2325 731 2393 serml
750 2327 780 2413 3,
801 2328 817 2392 1
843 2349 944 2412 usque
969 2326 1009 2392 ad
1027 2326 1057 2411 9,
1073 2325 1114 2391 78
1135 2329 1248 2410 quater
1265 2324 1367 2390 ueluti

220 2434 376 2500 ‘Lucilius
398 2435 433 2499 in
451 2439 541 2500 sexto
561 2434 767 2519 satyrarum':
790 2433 970 2521 posthunc
988 2433 1096 2499 locum
1113 2433 1190 2498 libri
1208 2431 1369 2498 Lucilium

219 2564 372 2608 numerus
391 2562 457 2607 non
477 2542 541 2606 iam
560 2542 731 2608 inuenitur.
769 2541 1078 2608 Commentariorum
1098 2544 1244 2606 auctores
1267 2541 1370 2606 nomi-

220 2653 277 2714 nat
298 2647 480 2734 Porphyrio
502 2647 676 2715 Helenium
703 2647 865 2715 Aaronem
889 2649 988 2714 semel
1010 2671 1040 2733 p.
1056 2647 1136 2731 273,
1158 2648 1203 2713 20
1224 2646 1370 2731 Holderi,

221 2754 257 2832 Q.
272 2754 457 2822 Terentium
477 2753 632 2822 Scaurum
653 2757 730 2822 item
750 2754 849 2822 semel
866 2779 897 2841 p.
912 2755 986 2841 312,
1007 2753 1048 2819 15
1069 2776 1163 2838 quem
1183 2755 1368 2843 genetiuum

222 2861 338 2928 addere
363 2869 546 2929 ceterorum
573 2865 608 2929 in
634 2864 761 2930 Lucilio
790 2862 961 2928 adferendo
986 2885 1084 2947 supra
1106 2863 1288 2947 expositum
1312 2866 1369 2927 est.

221 2969 419 3056 Longissima
442 2971 535 3055 copia
553 2969 671 3036 Lucilii
694 2991 845 3037 uersuum
868 2969 1001 3034 affertur
1023 2969 1058 3033 in
1081 2968 1310 3034 commentario
1330 2969 1370 3033 ad

223 3098 315 3141 serm.
329 3074 385 3142 lib.
398 3076 423 3161 Ι,
451 3078 486 3141 in
512 3075 645 3161 reliquis
672 3077 764 3143 libris
793 3078 870 3142 satis
900 3098 1016 3162 pauca:
1047 3076 1226 3160 fragmenta
1251 3073 1369 3139 Lucilii

221 3182 391 3248 traduntur
413 3186 448 3248 iu
471 3185 700 3250 commentario

223 3289 262 3354 ad
286 3289 336 3355 od.
398 3289 414 3354 I
513 3292 534 3357 3

224 3396 264 3460 ud
287 3396 336 3461 od
395 3396 443 3462 Ill
514 3399 530 3463 l
556 3399 642 3483 quod
665 3399 750 3464 idem
773 3399 893 3484 legitur
915 3399 951 3464 in
972 3398 1105 3465 scholiis
1123 3398 1164 3462 ad
1181 3395 1252 3461 Ter.
1271 3393 1369 3460 Andr.

556 3503 605 3570 III
623 3505 693 3589 2,4
716 3503 785 3593 (lib.
805 3504 835 3570 V
854 3530 884 3570 u.
903 3503 984 3591 222)

224 3610 264 3674 ad
287 3609 415 3676 sermI
491 3613 535 3676 20

224 3718 265 3783 ad
287 3715 430 3784 sermss
511 3720 532 3784 2

224 3825 265 3890 ad
288 3823 414 3909 epistl
512 3827 532 3892 3

225 3932 264 3997 ad
287 3931 379 4017 epist.
398 3930 430 3997 Il
513 3935 529 3997 1

224 4036 332 4123 Atque
355 4039 420 4105 iarn
439 4040 472 4104 in
491 4042 721 4107 commentario
741 4041 780 4105 ad
799 4064 892 4107 serm.
911 4038 943 4106 Π
964 4041 980 4105 1
1002 4043 1126 4106 ueteres
1145 4039 1371 4126 grammaticos

224 4146 368 4234 neglexit
390 4146 571 4232 Porphyrio
596 4148 651 4232 qui
674 4148 770 4213 nimis
794 4148 903 4234 inepta
925 4147 1096 4233 protulerit
1124 4146 1162 4211 de
1184 4145 1311 4212 Lucilio
1340 4149 1374 4210 61

227 4250 377 4339 Scipione
395 4255 436 4320 ad
453 4253 486 4320 H
507 4257 535 4340 1,
556 4255 596 4320 16
616 4258 648 4321 61
666 4255 705 4319 de
723 4255 815 4340 Lupo
835 4255 875 4320 ad
894 4253 950 4319 68:
969 4255 1044 4319 uide
1063 4276 1161 4339 supra
1178 4276 1209 4338 p.
1223 4251 1371 4318 XXXVI.

132 4394 212 4437 ceum
316 4358 454 4426 Gellium
482 4365 632 4447 poemata
653 4361 771 4427 Lucilii
798 4362 869 4447 ipsa
896 4361 1056 4428 euoluisse
1084 4364 1117 4426 et
1140 4359 1256 4426 adiisse
1278 4381 1372 4447 aegre

226 4465 398 4535 crediderit
425 4468 480 4553 qui
507 4468 582 4535 libri
604 4467 652 4535 IX
675 4490 743 4553 cap.
769 4469 810 4534 14
833 4472 853 4551 ἕ
875 4469 989 4554 21666.
1017 4468 1193 4554 inspexerit
1221 4466 1278 4533 ubi
1309 4465 1373 4532 hoc
