3052 5024
214 305 265 359 XII
655 305 935 358 PROLDGOMENA.

215 473 336 555 partes,
363 491 499 554 quarum
526 467 630 552 prima
658 467 692 531 in
719 470 809 551 parte
838 464 898 554 (aa)
927 471 1068 532 saturam
1096 467 1224 534 deducit
1255 470 1312 533 aut
1344 490 1363 532 a

215 577 333 642 saturis
355 573 409 640 uel
431 574 528 639 ebriis
552 577 609 639 aut
632 576 741 639 satura
763 595 782 637 a
804 574 895 638 lance
919 595 983 658 quo
1006 573 1135 640 nomine
1157 575 1363 661 appellabant

216 704 361 748 sermone
385 680 533 747 sollemni
557 680 737 745 sacerdotes
755 681 880 745 lancem
899 679 1028 765 plenam
1047 681 1262 765 primitiarum
1280 683 1362 746 uari-

214 811 319 856 arum:
348 788 427 853 haec
453 809 539 852 noua
566 787 676 853 docuit
708 787 937 873 grammaticus
970 809 1070 871 eaque
1097 786 1235 874 Vergilii
1266 809 1362 854 uersu

214 895 389 960 nouissime
413 894 522 959 addito
546 894 757 958 confirmauit.
793 891 906 959 Altera
929 898 1019 977 parte
1044 891 1101 982 (a)
1120 892 1265 960 Varrone
1285 918 1362 960 usus

215 1006 272 1086 est,
296 1001 351 1086 qui
375 1002 413 1066 de
437 999 575 1066 altilium
598 1000 765 1067 sarcimine
789 1000 964 1066 edocuerit:
992 1004 1062 1066 tum
1085 1001 1182 1067 tertio
1210 1001 1282 1069 loco
1307 1000 1361 1090 (c))

215 1108 330 1174 Verrio
353 1130 430 1174 usus
452 1130 520 1174 esse
539 1108 667 1173 uidetur
685 1108 741 1192 qui
760 1108 799 1173 de
818 1112 926 1173 satura
944 1108 1015 1195 lege
1034 1108 1136 1195 egerit
1155 1109 1266 1175 eodem
1285 1132 1362 1175 usus

216 1215 362 1282 Sallustii
386 1214 546 1301 exemplo,
573 1237 646 1281 oum
669 1215 723 1281 hic
746 1213 853 1281 Verrii
875 1215 1031 1280 nonnulla
1054 1217 1201 1301 exempla
1224 1218 1363 1301 omittat,

215 1346 344 1389 uersum
361 1323 480 1390 Lucilii
501 1326 558 1388 aut
581 1323 649 1407 ipse
673 1321 829 1387 addiderit
852 1326 908 1388 aut
931 1324 1085 1389 omissum
1107 1345 1126 1387 a
1144 1322 1240 1389 Festo
1260 1325 1362 1390 eidem

216 1431 363 1496 debuerit
382 1429 504 1495 Verrio.
543 1428 630 1507 Quae
654 1433 780 1514 praeter
803 1428 994 1494 Diomedem
1017 1452 1036 1494 a
1055 1432 1272 1517 grammaticis
1291 1453 1362 1517 pro·

216 1538 362 1602 feruntur
380 1536 567 1622 posterioris
586 1536 709 1619 aetatis,
727 1558 765 1601 ea
783 1539 839 1601 aut
857 1558 874 1601 e
891 1536 1048 1602 Diomede
1067 1542 1196 1622 sumpta
1214 1542 1289 1603 sunt
1307 1543 1364 1605 aut

23 1646 75 1680 Μ
85 1643 143 1735 οἰχ]
173 1643 202 1681 ⁸²²
216 1666 321 1709 merae
335 1665 446 1730 nugae.
471 1642 582 1708 Veluti
598 1665 679 1728 quae
692 1644 816 1728 profert
825 1640 967 1708 Isidorus
982 1645 1061 1730 orig.
1071 1642 1102 1709 V
1114 1645 1155 1709 16
1166 1642 1297 1732 (testim.
1306 1642 1363 1732 Π),

216 1772 253 1814 ea
276 1773 294 1814 e
316 1750 423 1815 uerbis
443 1751 539 1816 ‘dicta
556 1772 578 1814 o
596 1751 685 1833 copia
707 1770 813 1815 reram
835 1756 864 1815 et
885 1752 977 1833 quasi
1000 1772 1022 1814 a
1043 1752 1218 1816 aatwritatc'
1246 1773 1362 1838 cogno-

216 1879 285 1931 scas
310 1878 327 1922 e
348 1856 506 1922 Diomede
529 1854 662 1943 (testim.
681 1855 728 1922 IV
746 1855 793 1944 a))
816 1879 885 1921 esse
908 1856 1012 1922 ducta.
1051 1854 1257 1922 Adiectiuum
1280 1865 1363 1942 saty-

215 1966 316 2029 ricum
335 1963 483 2030 adhibuit
496 1962 684 2028 Lactantius
701 1962 828 2029 saeculo
842 1961 890 2028 IV
904 1965 1034 2028 ineunte
1049 1960 1138 2051 (uide
1152 1986 1249 2049 supra
1263 1988 1293 2050 p.
1308 1963 1363 2052 X),

216 2071 326 2135 eadem
357 2074 460 2136 aetate
487 2070 670 2135 Euanthius
702 2074 843 2135 saturam
876 2092 895 2134 a
926 2070 1043 2155 satyris
1072 2067 1199 2136 Graecis
1231 2071 1363 2137 deduxit

217 2178 349 2265 (testim.
364 2174 424 2263 VI)
444 2178 534 2243 cuius
552 2176 675 2242 futtilia
693 2179 874 2242 commenta
892 2198 1038 2242 enarrare
1055 2179 1190 2264 longum
1205 2181 1254 2243 est
1268 2179 1363 2244 sicuti

216 2306 256 2349 ne
278 2282 395 2350 Isidori
419 2284 548 2369 quidem
567 2284 704 2369 ineptias
724 2281 818 2369 (orig.
837 2281 917 2348 VIII
937 2285 966 2367 7,
981 2283 999 2345 'l
1007 2307 1014 2347 ε
1037 2284 1155 2348 testim.
1176 2282 1252 2370 VII)
1271 2284 1364 2352 iuuat

216 2392 364 2477 pluribus
401 2391 569 2476 explicare.
627 2388 666 2454 In
708 2391 899 2456 scholiastae
935 2389 1105 2456 Horatiani
1146 2391 1363 2475 disputatione

101 2492 118 2517 '²
217 2499 349 2586 (testim.
369 2497 414 2586 V)
442 2499 520 2564 item
548 2496 667 2564 multas
695 2501 828 2584 apparet
853 2497 958 2563 inesse
985 2499 1123 2583 ineptias
1151 2497 1251 2563 ueluti
1282 2521 1363 2583 quae

217 2605 255 2669 de
279 2606 460 2671 charactere
483 2608 609 2671 saturae
633 2604 828 2670 Horatianus
852 2606 1001 2671 dicuntur
1024 2603 1070 2693 (b)
1090 2609 1122 2670 et
1140 2603 1196 2691 c)):
1220 2606 1310 2671 cuius
1330 2606 1364 2670 in

217 2712 375 2797 principio
399 2734 463 2776 una
486 2715 535 2777 est
557 2711 664 2797 posita
688 2711 885 2797 etymologia
902 2711 1058 2777 Euanthii
1081 2716 1114 2778 et
1131 2711 1306 2796 Diomedis,
1329 2713 1363 2777 in

217 2819 305 2884 exitu
329 2820 398 2884 sola
420 2817 585 2883 Diomedis
609 2818 648 2884 de
671 2821 796 2883 saturae
823 2818 954 2883 nomine
982 2820 1142 2884 sententia
1168 2819 1284 2884 iterum
1313 2840 1364 2885 oc

179 2953 203 2982 m
218 2924 325 2992 currit.
371 2924 455 3009 Lydi
474 2947 558 2990 uana
576 2928 757 2991 commenta
776 2924 859 2989 unde
876 2924 972 2990 ducta
985 2924 1051 2989 siut
1064 2922 1118 3011 (de
1132 2926 1274 3012 magistr.
1290 2924 1361 2990 141

217 3032 334 3096 testim.
358 3029 464 3118 XXX)
497 3052 570 3096 cum
603 3030 844 3115 exposuerimus
876 3030 939 3094 ind.
974 3030 1044 3096 lect.
1078 3031 1166 3096 uniu.
1207 3032 1362 3098 Rostoch.

220 3136 336 3221 188819
360 3160 390 3222 p.
412 3138 522 3222 llseq.
545 3137 600 3211 hio
618 3136 707 3203 locos
727 3141 895 3202 auctorum
914 3138 991 3202 satis
1009 3137 1071 3202 erit
1088 3137 1257 3204 indicasse:
1283 3161 1364 3223 quae

219 3243 296 3309 olim
321 3267 394 3310 cum
418 3243 498 3310 ahos
521 3249 591 3309 tum
612 3243 845 3329 Kiesslingium
869 3245 1058 3329 deceperant
1080 3246 1115 3309 in
1138 3244 1266 3311 Horatii
1288 3247 1365 3311 soti·

216 3372 327 3417 raram
346 3351 486 3417 editione
505 3352 612 3436 priore
633 3352 708 3417 anni
729 3351 814 3416 1886
835 3352 874 3416 ad
893 3373 985 3417 serm.
1003 3350 1063 3436 14,
1078 3352 1112 3417 6:
1135 3352 1170 3418 in
1187 3353 1364 3437 posteriore
1472 3338 1476 3344 ¹

218 3458 358 3525 editione
381 3465 564 3525 saturarum
589 3458 674 3524 1895
698 3457 805 3524 locum
828 3458 911 3543 Lydi
934 3459 1002 3524 iure
1025 3460 1227 3544 contempsit.

306 3564 420 3651 Neque
448 3566 548 3652 igitur
580 3570 703 3631 ueteres
736 3566 937 3653 grammatici
964 3567 1169 3632 consentiunt
1196 3567 1235 3632 de
1268 3568 1365 3654 signi-

217 3674 367 3741 ficatione
395 3673 486 3739 uerbi
512 3678 624 3739 actura
650 3694 755 3757 neque
782 3673 878 3738 huius
909 3673 1063 3757 temporis
1094 3674 1158 3739 uiri
1191 3673 1277 3740 docti
1310 3676 1365 3759 qui

218 3784 363 3845 ueterum
387 3780 666 3867 etymologiarum,
690 3781 800 3864 quales
823 3783 889 3845 tres
911 3778 1055 3864 prolatae
1079 3785 1163 3866 sunt,
1186 3803 1260 3866 pars
1282 3780 1365 3846 hanc

218 3887 366 3952 Latinam
390 3887 429 3952 de
453 3889 549 3952 cantu
575 3890 756 3951 saturorum
784 3885 838 3950 uel
865 3885 1027 3951 ebriorum
1055 3887 1223 3953 hominum
1251 3887 1365 3972 proba

218 3998 302 4078 runt,
322 3993 377 4059 alii
396 3992 484 4059 illam
504 3995 543 4058 de
561 3994 702 4058 carmine
721 3993 812 4059 uario
831 3991 1079 4078 amplectuntur:
1102 3998 1177 4059 sunt
1196 3995 1251 4079 qui
1272 3991 1365 4060 Grae-

219 4124 289 4168 cam
313 4123 382 4167 esse
409 4101 566 4187 originem
593 4101 733 4166 nominis
762 4101 957 4167 contendant
984 4122 1088 4185 neque
1115 4105 1256 4166 saturam
1279 4099 1365 4166 Lati·

219 4229 334 4273 norum
353 4207 581 4294 diiungendam
600 4230 668 4275 esse
688 4209 849 4274 affirment
863 4232 882 4274 a
896 4208 1012 4293 satyris
1028 4207 1227 4274 Graecorum.
1261 4207 1364 4286 Quam

220 4316 412 4380 sententiam
435 4317 575 4382 refutare
599 4315 676 4382 olim
706 4315 831 4381 studuit
854 4314 944 4382 Isaac
968 4313 1174 4381 Oasaubonus
1202 4313 1284 4380 libro
1315 4315 1365 4380 ‘de

219 4422 360 4507 satyrica
379 4420 572 4489 Graecorum
591 4424 682 4508 poesi
700 4427 732 4489 et
750 4422 971 4489 Romanorum
990 4422 1098 4487 satira’
1118 4419 1249 4486 Parisiis
1270 4419 1366 4506 1605,
