3052 5024
250 303 326 358 XXX
686 304 965 359 PROLEGOMENA.

249 467 375 534 saeculo
404 464 589 553 p.chr.11
616 466 761 550 ineunte,
787 486 854 532 non
880 467 944 531 iam
968 466 1149 532 exhibuerit
1170 466 1290 532 librum
1313 464 1399 531 XXI.
1436 546 1440 553 ι

249 573 343 652 Quod
370 575 473 640 multo
502 596 578 640 sane
604 573 813 660 probabilius.
859 572 940 639 Erat
966 573 1067 660 igitur
1092 573 1175 640 liber
1201 575 1256 640 ille
1284 574 1399 639 similis

249 681 415 767 archetypi
446 680 592 747 codicum
623 681 844 746 Palatinorum
877 679 999 765 Plauti,
1031 681 1087 765 qui
1118 680 1299 746 fabularum
1322 679 1400 745 XXI

249 789 396 854 ultimam
419 787 600 872 perdiderat
618 787 819 854 Vidulariam
843 809 939 871 quam
963 787 1105 853 fabulam
1128 790 1165 852 ut
1187 788 1303 853 ultimo
1326 789 1399 853 loco

248 896 388 981 positam
407 897 585 983 neglegunt
602 894 706 960 Varro
726 894 760 962 in
777 894 861 960 libro
881 894 919 959 de
937 892 957 958 1.
976 894 1045 960 Lat.
1063 897 1095 960 et
1113 893 1246 961 Verrius
1264 892 1399 960 Flaccus

248 1004 334 1088 apud
360 1002 501 1076 Festum.
551 1001 699 1087 Denique
726 1000 845 1067 librum
872 999 968 1066 XXII
995 1002 1073 1066 noui
1100 1001 1243 1086 corporis
1270 1001 1398 1067 initium

247 1110 348 1176 fuisse
371 1110 459 1195 ipsae
482 1110 637 1194 reliquiae
660 1109 882 1175 demonstrant
905 1130 986 1192 quae
1009 1108 1086 1174 satis
1109 1109 1258 1193 copiosae
1279 1131 1318 1173 ex
1336 1098 1428 1174 hoc‘

247 1217 330 1283 libro
364 1220 509 1283 seruatae
540 1217 606 1282 sint
638 1239 711 1281 cum
744 1238 783 1281 ex
810 1212 919 1280 XXIII
951 1236 1035 1281 unus
1064 1237 1191 1300 uersus,
1223 1237 1263 1281 ex
1289 1213 1399 1281 XXIV

247 1323 331 1389 nihil
353 1324 397 1389 sit
419 1327 590 1407 seruatum,
614 1323 654 1388 de
677 1322 803 1388 duobus
825 1321 933 1387 uerbis
956 1344 974 1387 e
996 1320 1080 1388 libro
1099 1319 1193 1386 XXV
1215 1320 1330 1387 adlatis
1349 1324 1399 1386 est

248 1430 334 1512 quod
357 1430 484 1496 dubites
512 1428 603 1517 (uide
632 1429 674 1494 ad
700 1429 754 1494 lib.
777 1426 872 1494 XXII
898 1452 928 1493 u.
952 1427 1111 1515 579seqq.
1139 1426 1232 1493 XXV
1254 1452 1285 1493 u.
1308 1426 1398 1516 586),

248 1535 361 1622 Itaque
393 1558 510 1624 magna
537 1536 652 1601 lacuna
679 1535 818 1620 separati
844 1532 920 1598 libri
947 1531 1085 1599 I-XXI
1113 1556 1132 1599 a
1158 1533 1399 1619 XXII-XXV,

248 1644 369 1709 maiore
391 1641 506 1707 lacuna
527 1642 563 1708 hi
586 1641 731 1707 distincti
754 1644 829 1706 sunt
852 1661 871 1705 a
892 1640 984 1706 libris
1006 1639 1259 1706 XXVI—XXX.

36 1753 231 1846 usfmffi
335 1766 449 1852 Neque
468 1770 578 1832 tamen
595 1767 658 1833 tria
676 1767 740 1832 ista
758 1786 900 1851 corpora,
919 1787 999 1847 quae
1017 1787 1035 1830 s
1054 1769 1234 1831 saturarum
1253 1765 1399 1850 reliquiis

89 1859 181 1899 ‘¹¹¹
247 1874 326 1958 ipsis
349 1873 444 1940 facile
461 1877 598 1959 possunt
617 1894 715 1958 opera
733 1872 919 1938 lacunarum
939 1876 972 1938 et
989 1875 1166 1939 metrorum
1184 1872 1400 1958 discrepantia

248 1981 393 2063 discerni,
417 1980 592 2048 secundum
615 1984 798 2065 temporum
820 1980 978 2045 rationem
1001 1978 1158 2065 disposita
1181 1984 1265 2065 sunt,
1288 1981 1345 2047 sed
1362 1987 1400 2046 ut

246 2072 472 2156 Lachmannus
495 2090 582 2154 recte
605 2087 720 2154 statuit
742 2086 819 2152 libri
841 2087 915 2152 inde
938 2109 957 2151 a
975 2085 1085 2152 XXVI
1106 2087 1230 2172 priores
1253 2092 1399 2174 tempore

248 2202 324 2261 sunt
338 2195 607 2262 antecedentibus.
631 2192 869 2282 Argumentum
884 2193 1013 2276 quidem
1025 2193 1115 2278 illud,
1129 2195 1216 2279 quod
1224 2194 1399 2261 Muellerus

248 2304 322 2369 edit.
340 2327 372 2389 p.
385 2302 433 2368 IX
455 2303 548 2368 affert
570 2301 652 2367 mihi
675 2300 808 2366 dubium
831 2301 959 2367 uidetur
982 2304 1014 2366 et
1031 2322 1146 2386 parum
1166 2306 1302 2369 certumt
1325 2304 1399 2369 uide

248 2434 329 2496 quae
358 2410 512 2478 adnotata
539 2413 615 2475 sunt
641 2409 682 2474 ad
708 2408 764 2473 lib.
788 2405 852 2474 VH
873 2430 904 2474 u.
928 2409 993 2474 276
1025 2406 1134 2474 XXIX
1156 2433 1186 2474 u.
1210 2408 1284 2476 895.
1336 2409 1400 2478 Sed

248 2523 335 2585 certa
356 2503 453 2586 buius
477 2516 654 2584 sententiae
677 2519 788 2582 extant
810 2518 1000 2604 argumenta
1022 2515 1114 2582 haec:

335 2644 432 2709 Liber
449 2642 466 2709 I
489 2647 526 2709 ut
548 2642 750 2728 intellegitur
772 2664 803 2706 u.
822 2640 863 2706 31
888 2644 964 2726 post
982 2639 1154 2706 Carneadis
1172 2645 1310 2707 mortem
1326 2642 1357 2707 h.
1373 2663 1398 2708 e.

246 2755 321 2837 post
353 2773 474 2817 annum
508 2748 657 2837 625s129
690 2749 745 2814 uel
776 2747 926 2834 cassias
959 2748 1157 2832 compositus
1189 2752 1246 2814 est.
1295 2745 1399 2832 Atqui

246 2858 402 2926 Horatius
425 2880 518 2924 serm.
542 2855 575 2923 Π
591 2856 619 2940 1,
634 2855 676 2920 63
687 2876 775 2939 seqq.

525 2997 631 3076 Quid?
655 2996 736 3062 Cum
760 3001 809 3063 est
830 2998 974 3064 Lucilius
998 3020 1095 3064 ausus

335 3106 459 3191 primus
482 3106 517 3171 in
539 3106 626 3170 hunc
650 3105 756 3190 operis
780 3126 972 3191 componere
995 3105 1139 3191 carmina
1161 3127 1283 3172 morem
1298 3159 1305 3172 .
1321 3158 1351 3172 ..

664 3233 808 3277 ...num
832 3211 960 3277 Laelius
983 3216 1016 3278 et
1039 3214 1095 3297 qui

336 3301 427 3385 duxit
450 3320 491 3385 ab
515 3340 668 3404 oppressa
691 3319 843 3385 meritum
867 3316 1061 3406 Carthagine
1083 3341 1202 3386 nomen

335 3426 466 3513 ingenio
491 3427 605 3492 offensi
628 3430 684 3492 aut
706 3426 792 3492 laeso
817 3426 947 3493 doluere
969 3425 1102 3492 Metello

335 3534 532 3619 famosisque
554 3534 647 3620 Lupo
671 3538 802 3620 coperto
825 3533 996 3600 uersibus?

246 3675 447 3743 Aemilianus
471 3681 578 3743 autem
602 3676 683 3743 obiit
706 3677 817 3742 eodem
841 3699 925 3743 anno
948 3697 1013 3761 quo
1037 3675 1214 3743 Carneades
1237 3677 1398 3746 TudIteno

246 3787 279 3848 et
307 3782 452 3869 Aquillio
481 3804 561 3850 coss.
592 3781 671 3871 (cie.
701 3785 740 3850 de
767 3788 831 3849 nat.
856 3784 941 3848 deor.
968 3780 1077 3870 1114)
1105 3806 1165 3851 nec
1192 3783 1295 3850 multo
1323 3790 1399 3871 post

245 3891 374 3957 Laelius
407 3889 500 3979 (conf
523 3891 661 3976 interpp.
689 3889 729 3956 ad
757 3888 821 3956 cie.
850 3891 936 3956 Lael.
966 3888 1059 3979 104):
1091 3913 1168 3978 ergo
1197 3892 1254 3976 qui
1281 3891 1400 3959 Lucilii

245 4004 395 4082 poemata
413 4002 547 4085 potuere
567 3997 705 4084 probare
728 3996 764 4061 hi
787 3997 860 4081 uiri,
883 3997 911 4061 si
933 3997 998 4062 iarn
1021 4001 1095 4062 ante
1114 3998 1256 4083 primum
1275 3999 1399 4066 editum

246 4105 431 4173 decessere?
476 4104 655 4183 Quominus
677 4101 850 4168 Horatium
873 4103 961 4170 dicas
984 4125 1102 4188 errare,
1126 4104 1309 4188 prohiberis
1332 4128 1399 4173 non

245 4215 372 4279 tantum
396 4213 497 4298 ipsius
520 4211 642 4298 insigni
665 4210 820 4295 doctrina,
844 4210 1019 4276 sedetiam
1042 4210 1094 4275 his
1119 4209 1183 4277 cie.
1208 4212 1247 4278 de
1269 4212 1322 4278 tin.
1346 4213 1396 4279 17

245 4316 316 4405 (lib.
338 4317 448 4384 XXVI
471 4342 500 4383 u.
525 4315 620 4405 aad:
652 4315 735 4383 ‘Nec
762 4339 839 4383 uero
868 4322 905 4383 ut
930 4321 1041 4384 noster
1062 4317 1209 4385 Lucilius
1234 4320 1399 4406 recusabo,

245 4425 418 4509 quominus
455 4447 567 4492 omnes
603 4446 673 4489 mea
708 4423 826 4511 legant.
880 4423 1013 4491 Vtinam
1050 4429 1134 4491 esset
1168 4426 1223 4491 ille
1255 4425 1398 4495 Persiusl
