<?xml version="1.0" encoding="UTF-8"?>
<!DOCTYPE html PUBLIC "-//W3C//DTD XHTML 1.0 Transitional//EN"
    "http://www.w3.org/TR/xhtml1/DTD/xhtml1-transitional.dtd">
<html xmlns="http://www.w3.org/1999/xhtml" xml:lang="en" lang="en">
 <head>
  <title>
</title>
<meta http-equiv="Content-Type" content="text/html;charset=utf-8" />
  <meta name='ocr-system' content='tesseract 3.04.00' />
  <meta name='ocr-capabilities' content='ocr_page ocr_carea ocr_par ocr_line ocrx_word'/>
</head>
<body>
  <div class='ocr_page' id='page_1' title='image "./cluciliicarminu01lucigoog_0015.png"; bbox 0 0 3052 5024; ppageno 0'>
   <div class='ocr_carea' id='block_1_1' title="bbox 85 2346 215 2396">
    <p class='ocr_par' dir='ltr' id='par_1_1' title="bbox 85 2346 215 2396">
     <span class='ocr_line' id='line_1_1' title="bbox 85 2346 215 2396; baseline 0.008 -11"><span class='ocrx_word' id='word_1_1' title='bbox 85 2346 215 2396; x_wconf 74' lang='lat' dir='ltr'>Etynwlops&#39;a</span> 
     </span>
    </p>
   </div>
   <div class='ocr_carea' id='block_1_2' title="bbox 219 332 936 388">
    <p class='ocr_par' dir='ltr' id='par_1_2' title="bbox 219 332 936 388">
     <span class='ocr_line' id='line_1_2' title="bbox 219 332 936 388; baseline 0.001 -2"><span class='ocrx_word' id='word_1_2' title='bbox 219 332 244 386; x_wconf 89' lang='lat' dir='ltr'>X</span> <span class='ocrx_word' id='word_1_3' title='bbox 659 333 936 388; x_wconf 78' lang='lat' dir='ltr'><strong>PROLEGOMENA.</strong></span> 
     </span>
    </p>
   </div>
   <div class='ocr_carea' id='block_1_3' title="bbox 189 493 1366 4534">
    <p class='ocr_par' dir='ltr' id='par_1_3' title="bbox 204 493 1366 2288">
     <span class='ocr_line' id='line_1_3' title="bbox 219 493 1366 582; baseline 0 -22"><span class='ocrx_word' id='word_1_4' title='bbox 219 496 386 580; x_wconf 85' lang='lat' dir='ltr'>scriptura.</span> <span class='ocrx_word' id='word_1_5' title='bbox 437 493 482 560; x_wconf 88' lang='lat' dir='ltr'>At</span> <span class='ocrx_word' id='word_1_6' title='bbox 509 494 590 561; x_wconf 88' lang='lat' dir='ltr'>falsa</span> <span class='ocrx_word' id='word_1_7' title='bbox 618 496 776 580; x_wconf 89' lang='lat' dir='ltr'>scriptura</span> <span class='ocrx_word' id='word_1_8' title='bbox 809 496 936 582; x_wconf 83' lang='lat' dir='ltr'>egregie</span> <span class='ocrx_word' id='word_1_9' title='bbox 968 496 1252 562; x_wconf 69' lang='lat' dir='ltr'>commendabatur</span> <span class='ocrx_word' id='word_1_10' title='bbox 1284 500 1317 561; x_wconf 91' lang='lat' dir='ltr'>et</span> <span class='ocrx_word' id='word_1_11' title='bbox 1347 520 1366 560; x_wconf 87' lang='lat' dir='ltr'>a</span> 
     </span>
     <span class='ocr_line' id='line_1_4' title="bbox 204 601 1365 690; baseline 0.001 -23"><span class='ocrx_word' id='word_1_12' title='bbox 204 602 355 668; x_wconf 77' lang='lat' dir='ltr'>islsst</span> <span class='ocrx_word' id='word_1_13' title='bbox 322 601 520 690; x_wconf 77' lang='lat' dir='ltr'>etymologia</span> <span class='ocrx_word' id='word_1_14' title='bbox 550 625 631 688; x_wconf 89' lang='lat' dir='ltr'>quae</span> <span class='ocrx_word' id='word_1_15' title='bbox 659 625 678 667; x_wconf 91' lang='lat' dir='ltr'>a</span> <span class='ocrx_word' id='word_1_16' title='bbox 705 602 823 688; x_wconf 90' lang='lat' dir='ltr'>satyris</span> <span class='ocrx_word' id='word_1_17' title='bbox 850 624 967 668; x_wconf 91' lang='lat' dir='ltr'>nomen</span> <span class='ocrx_word' id='word_1_18' title='bbox 995 602 1225 669; x_wconf 90' lang='lat' dir='ltr'>deducerett</span> <span class='ocrx_word' id='word_1_19' title='bbox 1193 606 1225 668; x_wconf 93' lang='lat' dir='ltr'>et</span> <span class='ocrx_word' id='word_1_20' title='bbox 1251 603 1291 669; x_wconf 88' lang='lat' dir='ltr'>ab</span> <span class='ocrx_word' id='word_1_21' title='bbox 1319 604 1365 668; x_wconf 91' lang='lat' dir='ltr'>eis</span> 
     </span>
     <span class='ocr_line' id='line_1_5' title="bbox 219 706 1364 794; baseline 0.002 -21"><span class='ocrx_word' id='word_1_22' title='bbox 219 708 274 794; x_wconf 89' lang='lat' dir='ltr'>qui</span> <span class='ocrx_word' id='word_1_23' title='bbox 297 708 411 773; x_wconf 88' lang='lat' dir='ltr'>adiect&#39;</span> <span class='ocrx_word' id='word_1_24' title='bbox 386 712 491 774; x_wconf 81' lang='lat' dir='ltr'>truum</span> <span class='ocrx_word' id='word_1_25' title='bbox 516 706 743 774; x_wconf 82' lang='lat' dir='ltr'>Graecanicum</span> <span class='ocrx_word' id='word_1_26' title='bbox 766 711 920 794; x_wconf 66' lang='lat' dir='ltr'>satyram</span> <span class='ocrx_word' id='word_1_27' title='bbox 941 714 1144 776; x_wconf 90' lang='lat' dir='ltr'>nouarunte</span> <span class='ocrx_word' id='word_1_28' title='bbox 1145 710 1223 776; x_wconf 94' lang='lat' dir='ltr'>tin</span> <span class='ocrx_word' id='word_1_29' title='bbox 1249 711 1303 776; x_wconf 92' lang='lat' dir='ltr'>litt</span> <span class='ocrx_word' id='word_1_30' title='bbox 1274 712 1364 776; x_wconf 91' lang='lat' dir='ltr'>tteris</span> 
     </span>
     <span class='ocr_line' id='line_1_6' title="bbox 217 814 1363 903; baseline 0.002 -23"><span class='ocrx_word' id='word_1_31' title='bbox 217 814 288 881; x_wconf 86' lang='lat' dir='ltr'>Lat&#39;</span> <span class='ocrx_word' id='word_1_32' title='bbox 264 816 342 881; x_wconf 84' lang='lat' dir='ltr'>tinis</span> <span class='ocrx_word' id='word_1_33' title='bbox 374 819 600 903; x_wconf 77' lang='lat' dir='ltr'>propagarunt.</span> <span class='ocrx_word' id='word_1_34' title='bbox 656 814 749 893; x_wconf 87' lang='lat' dir='ltr'>Quod</span> <span class='ocrx_word' id='word_1_35' title='bbox 781 816 899 882; x_wconf 90' lang='lat' dir='ltr'>uitauit</span> <span class='ocrx_word' id='word_1_36' title='bbox 884 814 1009 882; x_wconf 82' lang='lat' dir='ltr'>tSuet</span> <span class='ocrx_word' id='word_1_37' title='bbox 995 818 1117 901; x_wconf 86' lang='lat' dir='ltr'>tonius,</span> <span class='ocrx_word' id='word_1_38' title='bbox 1151 816 1238 902; x_wconf 88' lang='lat' dir='ltr'>apud</span> <span class='ocrx_word' id='word_1_39' title='bbox 1269 839 1363 902; x_wconf 91' lang='lat' dir='ltr'>quem</span> 
     </span>
     <span class='ocr_line' id='line_1_7' title="bbox 217 919 1365 1009; baseline 0 -21"><span class='ocrx_word' id='word_1_40' title='bbox 217 925 299 988; x_wconf 90' lang='lat' dir='ltr'>teste</span> <span class='ocrx_word' id='word_1_41' title='bbox 317 920 517 1008; x_wconf 86' lang='lat' dir='ltr'>Hieronymo</span> <span class='ocrx_word' id='word_1_42' title='bbox 542 919 673 1007; x_wconf 88' lang='lat' dir='ltr'>(testim.</span> <span class='ocrx_word' id='word_1_43' title='bbox 691 920 746 1009; x_wconf 84' lang='lat'>11)</span> <span class='ocrx_word' id='word_1_44' title='bbox 766 922 903 989; x_wconf 87' lang='lat' dir='ltr'>audierit</span> <span class='ocrx_word' id='word_1_45' title='bbox 920 923 1062 988; x_wconf 80' lang='lat' dir='ltr'>Lucilius</span> <span class='ocrx_word' id='word_1_46' title='bbox 1086 928 1266 990; x_wconf 89' lang='lat' dir='ltr'>saturarum</span> <span class='ocrx_word' id='word_1_47' title='bbox 1290 925 1365 993; x_wconf 91' lang='lat' dir='ltr'>scri-</span> 
     </span>
     <span class='ocr_line' id='line_1_8' title="bbox 217 1027 1363 1116; baseline 0.002 -22"><span class='ocrx_word' id='word_1_48' title='bbox 217 1032 299 1114; x_wconf 83' lang='lat' dir='ltr'>ptor,</span> <span class='ocrx_word' id='word_1_49' title='bbox 322 1029 399 1094; x_wconf 87' lang='lat' dir='ltr'>item</span> <span class='ocrx_word' id='word_1_50' title='bbox 423 1030 541 1095; x_wconf 87' lang='lat' dir='ltr'>uitauit</span> <span class='ocrx_word' id='word_1_51' title='bbox 559 1027 716 1115; x_wconf 84' lang='lat' dir='ltr'>Apuleius</span> <span class='ocrx_word' id='word_1_52' title='bbox 735 1030 774 1095; x_wconf 92' lang='lat' dir='ltr'>de</span> <span class='ocrx_word' id='word_1_53' title='bbox 794 1051 875 1116; x_wconf 88' lang='lat' dir='ltr'>mag.</span> <span class='ocrx_word' id='word_1_54' title='bbox 896 1052 963 1114; x_wconf 89' lang='lat' dir='ltr'>cap.</span> <span class='ocrx_word' id='word_1_55' title='bbox 984 1031 1035 1114; x_wconf 84' lang='lat'>10,</span> <span class='ocrx_word' id='word_1_56' title='bbox 1058 1031 1114 1116; x_wconf 91' lang='lat' dir='ltr'>qui</span> <span class='ocrx_word' id='word_1_57' title='bbox 1133 1031 1259 1096; x_wconf 91' lang='lat' dir='ltr'>etiamsi</span> <span class='ocrx_word' id='word_1_58' title='bbox 1279 1036 1363 1097; x_wconf 85' lang='lat' dir='ltr'>satu-</span> 
     </span>
     <span class='ocr_line' id='line_1_9' title="bbox 215 1134 1364 1222; baseline 0.003 -21"><span class='ocrx_word' id='word_1_59' title='bbox 215 1157 324 1201; x_wconf 85' lang='lat' dir='ltr'>rarum</span> <span class='ocrx_word' id='word_1_60' title='bbox 342 1135 397 1201; x_wconf 91' lang='lat' dir='ltr'>lib.</span> <span class='ocrx_word' id='word_1_61' title='bbox 417 1134 481 1201; x_wconf 92' lang='lat' dir='ltr'>VII</span> <span class='ocrx_word' id='word_1_62' title='bbox 499 1160 529 1201; x_wconf 90' lang='lat' dir='ltr'>u.</span> <span class='ocrx_word' id='word_1_63' title='bbox 549 1136 614 1202; x_wconf 77' lang='lat'>272</span> <span class='ocrx_word' id='word_1_64' title='bbox 624 1158 710 1222; x_wconf 92' lang='lat' dir='ltr'>seqq.</span> <span class='ocrx_word' id='word_1_65' title='bbox 735 1141 866 1222; x_wconf 85' lang='lat' dir='ltr'>spectet,</span> <span class='ocrx_word' id='word_1_66' title='bbox 889 1136 1046 1203; x_wconf 77' lang='lat' dir='ltr'>abstinuit</span> <span class='ocrx_word' id='word_1_67' title='bbox 1068 1137 1227 1205; x_wconf 89' lang='lat' dir='ltr'>uocabulo</span> <span class='ocrx_word' id='word_1_68' title='bbox 1250 1141 1364 1222; x_wconf 64' lang='lat' dir='ltr'>salmi-</span> 
     </span>
     <span class='ocr_line' id='line_1_10' title="bbox 215 1242 1364 1330; baseline 0 -21"><span class='ocrx_word' id='word_1_69' title='bbox 215 1263 268 1309; x_wconf 80' lang='lat' dir='ltr'>csss</span> <span class='ocrx_word' id='word_1_70' title='bbox 300 1265 375 1310; x_wconf 92' lang='lat' dir='ltr'>cum</span> <span class='ocrx_word' id='word_1_71' title='bbox 407 1243 469 1308; x_wconf 89' lang='lat' dir='ltr'>hoc</span> <span class='ocrx_word' id='word_1_72' title='bbox 501 1243 597 1309; x_wconf 92' lang='lat' dir='ltr'>modo</span> <span class='ocrx_word' id='word_1_73' title='bbox 630 1243 783 1309; x_wconf 75' lang='lat' dir='ltr'>scriberet</span> <span class='ocrx_word' id='word_1_74' title='bbox 815 1242 861 1309; x_wconf 73' lang='lat' dir='ltr'>‘c</span> <span class='ocrx_word' id='word_1_75' title='bbox 881 1243 1056 1329; x_wconf 84' lang='lat' dir='ltr'>Lucilium,</span> <span class='ocrx_word' id='word_1_76' title='bbox 1094 1266 1288 1330; x_wconf 88' lang='lat' dir='ltr'>quamquam</span> <span class='ocrx_word' id='word_1_77' title='bbox 1320 1245 1364 1309; x_wconf 91' lang='lat' dir='ltr'>sit</span> 
     </span>
     <span class='ocr_line' id='line_1_11' title="bbox 216 1295 1362 1435; baseline 0.001 -21"><span class='ocrx_word' id='word_1_78' title='bbox 216 1350 428 1434; x_wconf 81' lang='lat' dir='ltr'>iambicus,t</span> <span class='ocrx_word' id='word_1_79' title='bbox 414 1353 523 1415; x_wconf 87' lang='lat' dir='ltr'>tamen</span> <span class='ocrx_word' id='word_1_80' title='bbox 549 1350 772 1435; x_wconf 85' lang='lat' dir='ltr'>improbarim,</span> <span class='ocrx_word' id='word_1_81' title='bbox 801 1351 887 1435; x_wconf 91' lang='lat' dir='ltr'>quod</span> <span class='ocrx_word' id='word_1_82' title='bbox 916 1295 1127 1416; x_wconf 73' lang='lat' dir='ltr'>Gentiumt</span> <span class='ocrx_word' id='word_1_83' title='bbox 1095 1355 1127 1416; x_wconf 91' lang='lat' dir='ltr'>et</span> <span class='ocrx_word' id='word_1_84' title='bbox 1154 1349 1362 1417; x_wconf 82' lang='lat' dir='ltr'>Macedonem</span> 
     </span>
     <span class='ocr_line' id='line_1_12' title="bbox 215 1456 1363 1542; baseline 0.003 -21"><span class='ocrx_word' id='word_1_85' title='bbox 215 1478 331 1542; x_wconf 88' lang='lat' dir='ltr'>pueros</span> <span class='ocrx_word' id='word_1_86' title='bbox 359 1457 489 1521; x_wconf 88' lang='lat' dir='ltr'>directis</span> <span class='ocrx_word' id='word_1_87' title='bbox 521 1457 706 1522; x_wconf 88' lang='lat' dir='ltr'>nominibus</span> <span class='ocrx_word' id='word_1_88' title='bbox 739 1458 879 1522; x_wconf 88' lang='lat' dir='ltr'>carmine</span> <span class='ocrx_word' id='word_1_89' title='bbox 911 1479 969 1522; x_wconf 91' lang='lat' dir='ltr'>suo</span> <span class='ocrx_word' id='word_1_90' title='bbox 997 1479 1072 1541; x_wconf 91' lang='lat' dir='ltr'>pros</span> <span class='ocrx_word' id='word_1_91' title='bbox 1074 1458 1219 1522; x_wconf 55' lang='lat' dir='ltr'>iuuerit&amp;</span> <span class='ocrx_word' id='word_1_92' title='bbox 1270 1456 1363 1536; x_wconf 85' lang='lat' dir='ltr'>Quod</span> 
     </span>
     <span class='ocr_line' id='line_1_13' title="bbox 214 1563 1362 1649; baseline -0.001 -20"><span class='ocrx_word' id='word_1_93' title='bbox 214 1563 409 1629; x_wconf 88' lang='lat' dir='ltr'>uocabulum</span> <span class='ocrx_word' id='word_1_94' title='bbox 431 1565 586 1648; x_wconf 76' lang='lat' dir='ltr'>satyricus</span> <span class='ocrx_word' id='word_1_95' title='bbox 609 1564 647 1629; x_wconf 93' lang='lat' dir='ltr'>de</span> <span class='ocrx_word' id='word_1_96' title='bbox 666 1566 716 1628; x_wconf 89' lang='lat' dir='ltr'>sat</span> <span class='ocrx_word' id='word_1_97' title='bbox 717 1587 775 1629; x_wconf 90' lang='lat' dir='ltr'>ura</span> <span class='ocrx_word' id='word_1_98' title='bbox 797 1565 945 1649; x_wconf 86' lang='lat' dir='ltr'>usurpari</span> <span class='ocrx_word' id='word_1_99' title='bbox 969 1568 1119 1649; x_wconf 93' lang='lat' dir='ltr'>coeptum</span> <span class='ocrx_word' id='word_1_100' title='bbox 1143 1587 1212 1630; x_wconf 86' lang='lat' dir='ltr'>esse</span> <span class='ocrx_word' id='word_1_101' title='bbox 1234 1564 1362 1630; x_wconf 91' lang='lat' dir='ltr'>uidetur</span> 
     </span>
     <span class='ocr_line' id='line_1_14' title="bbox 215 1667 1360 1754; baseline 0.003 -20"><span class='ocrx_word' id='word_1_102' title='bbox 215 1669 289 1735; x_wconf 89' lang='lat' dir='ltr'>inde</span> <span class='ocrx_word' id='word_1_103' title='bbox 316 1693 335 1736; x_wconf 89' lang='lat' dir='ltr'>a</span> <span class='ocrx_word' id='word_1_104' title='bbox 361 1671 488 1738; x_wconf 87' lang='lat' dir='ltr'>saeculo</span> <span class='ocrx_word' id='word_1_105' title='bbox 516 1667 565 1735; x_wconf 92' lang='lat' dir='ltr'>III</span> <span class='ocrx_word' id='word_1_106' title='bbox 593 1674 741 1754; x_wconf 80' lang='lat' dir='ltr'>exeunte3</span> <span class='ocrx_word' id='word_1_107' title='bbox 774 1671 876 1736; x_wconf 90' lang='lat' dir='ltr'>ueluti</span> <span class='ocrx_word' id='word_1_108' title='bbox 908 1670 1138 1737; x_wconf 88' lang='lat' dir='ltr'>Lactantius&#39;</span> <span class='ocrx_word' id='word_1_109' title='bbox 1129 1676 1194 1737; x_wconf 83' lang='lat' dir='ltr'>inst</span> <span class='ocrx_word' id='word_1_110' title='bbox 1195 1673 1229 1737; x_wconf 91' lang='lat' dir='ltr'>it.</span> <span class='ocrx_word' id='word_1_111' title='bbox 1208 1671 1360 1737; x_wconf 90' lang='lat' dir='ltr'>tdiuin.</span> 
     </span>
     <span class='ocr_line' id='line_1_15' title="bbox 214 1774 1361 1864; baseline 0.001 -23"><span class='ocrx_word' id='word_1_112' title='bbox 214 1774 325 1862; x_wconf 84' lang='lat'><strong>114,3</strong></span> <span class='ocrx_word' id='word_1_113' title='bbox 348 1778 478 1862; x_wconf 86' lang='lat' dir='ltr'>scripsit</span> <span class='ocrx_word' id='word_1_114' title='bbox 496 1776 563 1842; x_wconf 77' lang='lat' dir='ltr'>‘sed</span> <span class='ocrx_word' id='word_1_115' title='bbox 580 1775 714 1842; x_wconf 78' lang='lat' dir='ltr'>Flaccus</span> <span class='ocrx_word' id='word_1_116' title='bbox 737 1780 774 1842; x_wconf 89' lang='lat' dir='ltr'>ut</span> <span class='ocrx_word' id='word_1_117' title='bbox 797 1776 928 1862; x_wconf 84' lang='lat' dir='ltr'>satyrici</span> <span class='ocrx_word' id='word_1_118' title='bbox 952 1779 1102 1843; x_wconf 81' lang='lat' dir='ltr'>carminis</span> <span class='ocrx_word' id='word_1_119' title='bbox 1126 1778 1283 1864; x_wconf 84' lang='lat' dir='ltr'>scriptor’,</span> <span class='ocrx_word' id='word_1_120' title='bbox 1303 1777 1361 1842; x_wconf 89' lang='lat' dir='ltr'>flu-</span> 
     </span>
     <span class='ocr_line' id='line_1_16' title="bbox 214 1881 1361 1968; baseline 0.001 -20"><span class='ocrx_word' id='word_1_121' title='bbox 214 1886 303 1948; x_wconf 89' lang='lat' dir='ltr'>ctuat</span> <span class='ocrx_word' id='word_1_122' title='bbox 317 1881 498 1968; x_wconf 84' lang='lat' dir='ltr'>Porphyrio</span> <span class='ocrx_word' id='word_1_123' title='bbox 518 1884 574 1968; x_wconf 91' lang='lat' dir='ltr'>qui</span> <span class='ocrx_word' id='word_1_124' title='bbox 593 1904 688 1968; x_wconf 87' lang='lat' dir='ltr'>saepe</span> <span class='ocrx_word' id='word_1_125' title='bbox 705 1885 837 1968; x_wconf 76' lang='lat' dir='ltr'>satyrice</span> <span class='ocrx_word' id='word_1_126' title='bbox 850 1883 953 1949; x_wconf 90' lang='lat' dir='ltr'>ueluti</span> <span class='ocrx_word' id='word_1_127' title='bbox 968 1885 1008 1949; x_wconf 92' lang='lat' dir='ltr'>ad</span> <span class='ocrx_word' id='word_1_128' title='bbox 1021 1883 1099 1949; x_wconf 93' lang='lat' dir='ltr'>Hor.</span> <span class='ocrx_word' id='word_1_129' title='bbox 1114 1906 1205 1949; x_wconf 90' lang='lat' dir='ltr'>serm.</span> <span class='ocrx_word' id='word_1_130' title='bbox 1220 1883 1236 1948; x_wconf 96' lang='grc' dir='ltr'>Ι</span> <span class='ocrx_word' id='word_1_131' title='bbox 1251 1884 1281 1968; x_wconf 87' lang='grc'>6,</span> <span class='ocrx_word' id='word_1_132' title='bbox 1297 1884 1361 1950; x_wconf 83' lang='grc'>120</span> 
     </span>
     <span class='ocr_line' id='line_1_17' title="bbox 214 1989 1360 2076; baseline 0.003 -23"><span class='ocrx_word' id='word_1_133' title='bbox 214 1989 363 2074; x_wconf 77' lang='lat' dir='ltr'>‘satyrice</span> <span class='ocrx_word' id='word_1_134' title='bbox 390 1994 495 2056; x_wconf 87' lang='lat' dir='ltr'>autem</span> <span class='ocrx_word' id='word_1_135' title='bbox 527 1994 560 2055; x_wconf 91' lang='lat' dir='ltr'>et</span> <span class='ocrx_word' id='word_1_136' title='bbox 587 1990 750 2076; x_wconf 87' lang='lat' dir='ltr'>eleganter</span> <span class='ocrx_word' id='word_1_137' title='bbox 777 1989 840 2056; x_wconf 93' lang='lat' dir='ltr'>hoc</span> <span class='ocrx_word' id='word_1_138' title='bbox 868 1990 1010 2075; x_wconf 84' lang='lat' dir='ltr'>dictum&#39;,</span> <span class='ocrx_word' id='word_1_139' title='bbox 1038 1991 1078 2054; x_wconf 88' lang='lat' dir='ltr'>ad</span> <span class='ocrx_word' id='word_1_140' title='bbox 1105 1989 1360 2076; x_wconf 82' lang='lat' dir='ltr'>epist.118,19</span> 
     </span>
     <span class='ocr_line' id='line_1_18' title="bbox 213 2095 1360 2182; baseline 0 -21"><span class='ocrx_word' id='word_1_141' title='bbox 213 2095 311 2162; x_wconf 76' lang='lat' dir='ltr'>‘bono</span> <span class='ocrx_word' id='word_1_142' title='bbox 335 2096 501 2162; x_wconf 90' lang='lat' dir='ltr'>stomacho</span> <span class='ocrx_word' id='word_1_143' title='bbox 525 2097 681 2181; x_wconf 89' lang='lat' dir='ltr'>satyricos</span> <span class='ocrx_word' id='word_1_144' title='bbox 708 2097 901 2182; x_wconf 88' lang='lat' dir='ltr'>respondet&#39;,</span> <span class='ocrx_word' id='word_1_145' title='bbox 928 2098 969 2161; x_wconf 90' lang='lat' dir='ltr'>ad</span> <span class='ocrx_word' id='word_1_146' title='bbox 995 2097 1088 2181; x_wconf 89' lang='lat' dir='ltr'>epist.</span> <span class='ocrx_word' id='word_1_147' title='bbox 1106 2095 1139 2163; x_wconf 91' lang='grc' dir='ltr'>Π</span> <span class='ocrx_word' id='word_1_148' title='bbox 1158 2098 1188 2181; x_wconf 78' lang='lat'>2,</span> <span class='ocrx_word' id='word_1_149' title='bbox 1202 2096 1267 2162; x_wconf 80' lang='lat'>205</span> <span class='ocrx_word' id='word_1_150' title='bbox 1291 2097 1360 2182; x_wconf 71' lang='lat' dir='ltr'>‘per</span> 
     </span>
     <span class='ocr_line' id='line_1_19' title="bbox 212 2202 1040 2288; baseline 0 -20"><span class='ocrx_word' id='word_1_151' title='bbox 212 2202 405 2288; x_wconf 87' lang='lat' dir='ltr'>hypoforam</span> <span class='ocrx_word' id='word_1_152' title='bbox 428 2202 673 2288; x_wconf 83' lang='lat' dir='ltr'>respondentem</span> <span class='ocrx_word' id='word_1_153' title='bbox 697 2225 785 2269; x_wconf 90' lang='lat' dir='ltr'>more</span> <span class='ocrx_word' id='word_1_154' title='bbox 805 2203 1040 2287; x_wconf 81' lang='lat' dir='ltr'>satyricorum’.</span> 
     </span>
    </p>

    <p class='ocr_par' dir='ltr' id='par_1_4' title="bbox 189 2309 1360 4534">
     <span class='ocr_line' id='line_1_20' title="bbox 303 2309 1360 2400; baseline 0.004 -26"><span class='ocrx_word' id='word_1_155' title='bbox 303 2309 507 2394; x_wconf 89' lang='lat' dir='ltr'>Vbicumque</span> <span class='ocrx_word' id='word_1_156' title='bbox 525 2309 612 2395; x_wconf 92' lang='lat' dir='ltr'>apud</span> <span class='ocrx_word' id='word_1_157' title='bbox 627 2315 751 2376; x_wconf 83' lang='lat' dir='ltr'>ueteres</span> <span class='ocrx_word' id='word_1_158' title='bbox 770 2310 942 2395; x_wconf 86' lang='lat' dir='ltr'>scriptores</span> <span class='ocrx_word' id='word_1_159' title='bbox 962 2311 1001 2376; x_wconf 93' lang='lat' dir='ltr'>de</span> <span class='ocrx_word' id='word_1_160' title='bbox 1019 2315 1144 2376; x_wconf 85' lang='lat' dir='ltr'>saturae</span> <span class='ocrx_word' id='word_1_161' title='bbox 1163 2313 1360 2400; x_wconf 88' lang='lat' dir='ltr'>etymologia</span> 
     </span>
     <span class='ocr_line' id='line_1_21' title="bbox 214 2416 1360 2505; baseline 0.003 -25"><span class='ocrx_word' id='word_1_162' title='bbox 214 2421 247 2481; x_wconf 89' lang='lat' dir='ltr'>et</span> <span class='ocrx_word' id='word_1_163' title='bbox 275 2417 400 2503; x_wconf 86' lang='lat' dir='ltr'>origine</span> <span class='ocrx_word' id='word_1_164' title='bbox 426 2418 548 2503; x_wconf 82' lang='lat' dir='ltr'>agitur,</span> <span class='ocrx_word' id='word_1_165' title='bbox 579 2416 742 2484; x_wconf 88' lang='lat' dir='ltr'>lucernam</span> <span class='ocrx_word' id='word_1_166' title='bbox 775 2417 945 2484; x_wconf 85' lang='lat' dir='ltr'>olfacimus</span> <span class='ocrx_word' id='word_1_167' title='bbox 977 2418 1145 2484; x_wconf 87' lang='lat' dir='ltr'>doctorum</span> <span class='ocrx_word' id='word_1_168' title='bbox 1177 2421 1360 2505; x_wconf 87' lang='lat' dir='ltr'>grammati·</span> 
     </span>
     <span class='ocr_line' id='line_1_22' title="bbox 212 2522 1359 2611; baseline 0.002 -22"><span class='ocrx_word' id='word_1_169' title='bbox 212 2545 333 2609; x_wconf 82' lang='lat' dir='ltr'>corum,</span> <span class='ocrx_word' id='word_1_170' title='bbox 356 2525 412 2609; x_wconf 92' lang='lat' dir='ltr'>qui</span> <span class='ocrx_word' id='word_1_171' title='bbox 435 2522 538 2590; x_wconf 87' lang='lat' dir='ltr'>multa</span> <span class='ocrx_word' id='word_1_172' title='bbox 556 2524 712 2611; x_wconf 84' lang='lat' dir='ltr'>suspicari</span> <span class='ocrx_word' id='word_1_173' title='bbox 730 2524 908 2601; x_wconf 83' lang='lat' dir='ltr'>coniectare</span> <span class='ocrx_word' id='word_1_174' title='bbox 928 2523 1072 2590; x_wconf 90' lang='lat' dir='ltr'>diuinare</span> <span class='ocrx_word' id='word_1_175' title='bbox 1091 2525 1267 2609; x_wconf 82' lang='lat' dir='ltr'>debuerint,</span> <span class='ocrx_word' id='word_1_176' title='bbox 1290 2548 1359 2611; x_wconf 90' lang='lat' dir='ltr'>per-</span> 
     </span>
     <span class='ocr_line' id='line_1_23' title="bbox 211 2630 1359 2718; baseline 0.002 -22"><span class='ocrx_word' id='word_1_177' title='bbox 211 2652 313 2714; x_wconf 89' lang='lat' dir='ltr'>pauca</span> <span class='ocrx_word' id='word_1_178' title='bbox 336 2632 374 2696; x_wconf 90' lang='lat' dir='ltr'>de</span> <span class='ocrx_word' id='word_1_179' title='bbox 397 2631 461 2697; x_wconf 90' lang='lat' dir='ltr'>hoc</span> <span class='ocrx_word' id='word_1_180' title='bbox 483 2632 622 2697; x_wconf 89' lang='lat' dir='ltr'>carmine</span> <span class='ocrx_word' id='word_1_181' title='bbox 646 2633 784 2698; x_wconf 85' lang='lat' dir='ltr'>scierint.</span> <span class='ocrx_word' id='word_1_182' title='bbox 830 2630 974 2708; x_wconf 85' lang='lat' dir='ltr'>Quorum</span> <span class='ocrx_word' id='word_1_183' title='bbox 998 2630 1032 2696; x_wconf 93' lang='lat' dir='ltr'>in</span> <span class='ocrx_word' id='word_1_184' title='bbox 1054 2653 1188 2699; x_wconf 89' lang='lat' dir='ltr'>numero</span> <span class='ocrx_word' id='word_1_185' title='bbox 1214 2633 1292 2718; x_wconf 92' lang='lat' dir='ltr'>quid</span> <span class='ocrx_word' id='word_1_186' title='bbox 1320 2634 1359 2698; x_wconf 91' lang='lat' dir='ltr'>de</span> 
     </span>
     <span class='ocr_line' id='line_1_24' title="bbox 212 2736 1359 2826; baseline 0.003 -24"><span class='ocrx_word' id='word_1_187' title='bbox 212 2741 319 2803; x_wconf 86' lang='lat' dir='ltr'>satura</span> <span class='ocrx_word' id='word_1_188' title='bbox 342 2736 445 2804; x_wconf 86' lang='lat' dir='ltr'>Varro</span> <span class='ocrx_word' id='word_1_189' title='bbox 469 2738 626 2823; x_wconf 88' lang='lat' dir='ltr'>docuerit,</span> <span class='ocrx_word' id='word_1_190' title='bbox 654 2761 721 2804; x_wconf 92' lang='lat' dir='ltr'>non</span> <span class='ocrx_word' id='word_1_191' title='bbox 744 2743 876 2805; x_wconf 89' lang='lat' dir='ltr'>constat.</span> <span class='ocrx_word' id='word_1_192' title='bbox 923 2739 1003 2826; x_wconf 81' lang='lat' dir='ltr'>Egit</span> <span class='ocrx_word' id='word_1_193' title='bbox 1025 2739 1080 2806; x_wconf 90' lang='lat' dir='ltr'>ille</span> <span class='ocrx_word' id='word_1_194' title='bbox 1104 2740 1142 2805; x_wconf 95' lang='lat' dir='ltr'>de</span> <span class='ocrx_word' id='word_1_195' title='bbox 1166 2746 1277 2806; x_wconf 73' lang='lat' dir='ltr'>sutura</span> <span class='ocrx_word' id='word_1_196' title='bbox 1303 2763 1359 2806; x_wconf 94' lang='lat' dir='ltr'>uo-</span> 
     </span>
     <span class='ocr_line' id='line_1_25' title="bbox 189 2842 1357 2933; baseline 0.001 -24"><span class='ocrx_word' id='word_1_197' title='bbox 189 2903 192 2910; x_wconf 88' lang='lat'><em>.</em></span> <span class='ocrx_word' id='word_1_198' title='bbox 211 2845 325 2910; x_wconf 88' lang='lat' dir='ltr'>cabulo</span> <span class='ocrx_word' id='word_1_199' title='bbox 349 2845 384 2909; x_wconf 89' lang='lat' dir='ltr'>in</span> <span class='ocrx_word' id='word_1_200' title='bbox 403 2844 458 2910; x_wconf 87' lang='lat' dir='ltr'>lib.</span> <span class='ocrx_word' id='word_1_201' title='bbox 477 2842 510 2910; x_wconf 93' lang='grc' dir='ltr'>Π</span> <span class='ocrx_word' id='word_1_202' title='bbox 533 2846 757 2930; x_wconf 89' lang='lat' dir='ltr'>quaestionum</span> <span class='ocrx_word' id='word_1_203' title='bbox 776 2845 998 2911; x_wconf 89' lang='lat' dir='ltr'>Plautinarum</span> <span class='ocrx_word' id='word_1_204' title='bbox 1019 2843 1089 2933; x_wconf 86' lang='lat' dir='ltr'>(GL</span> <span class='ocrx_word' id='word_1_205' title='bbox 1108 2844 1124 2911; x_wconf 96' lang='lat' dir='ltr'>I</span> <span class='ocrx_word' id='word_1_206' title='bbox 1146 2868 1176 2930; x_wconf 91' lang='lat' dir='ltr'>p.</span> <span class='ocrx_word' id='word_1_207' title='bbox 1195 2846 1270 2931; x_wconf 86' lang='grc'>486,</span> <span class='ocrx_word' id='word_1_208' title='bbox 1287 2847 1357 2912; x_wconf 79' lang='lat' dir='ltr'>iK:</span> 
     </span>
     <span class='ocr_line' id='line_1_26' title="bbox 211 2947 1357 3037; baseline 0.003 -23"><span class='ocrx_word' id='word_1_209' title='bbox 211 2951 329 3016; x_wconf 89' lang='lat' dir='ltr'>testim.</span> <span class='ocrx_word' id='word_1_210' title='bbox 348 2947 420 3037; x_wconf 85' lang='lat' dir='ltr'>IV),</span> <span class='ocrx_word' id='word_1_211' title='bbox 442 2950 499 3015; x_wconf 92' lang='lat' dir='ltr'>ubi</span> <span class='ocrx_word' id='word_1_212' title='bbox 523 2950 561 3016; x_wconf 98' lang='lat' dir='ltr'>de</span> <span class='ocrx_word' id='word_1_213' title='bbox 584 2952 733 3017; x_wconf 89' lang='lat' dir='ltr'>carminis</span> <span class='ocrx_word' id='word_1_214' title='bbox 752 2950 860 3018; x_wconf 86' lang='lat' dir='ltr'>Latini</span> <span class='ocrx_word' id='word_1_215' title='bbox 882 2952 1017 3019; x_wconf 87' lang='lat' dir='ltr'>historia</span> <span class='ocrx_word' id='word_1_216' title='bbox 1040 2975 1113 3017; x_wconf 92' lang='lat' dir='ltr'>eum</span> <span class='ocrx_word' id='word_1_217' title='bbox 1132 2953 1236 3037; x_wconf 87' lang='lat' dir='ltr'>egisse</span> <span class='ocrx_word' id='word_1_218' title='bbox 1254 2973 1357 3036; x_wconf 91' lang='lat' dir='ltr'>neque</span> 
     </span>
     <span class='ocr_line' id='line_1_27' title="bbox 211 3056 1357 3142; baseline 0.002 -20"><span class='ocrx_word' id='word_1_219' title='bbox 211 3056 349 3122; x_wconf 87' lang='lat' dir='ltr'>traditur</span> <span class='ocrx_word' id='word_1_220' title='bbox 369 3079 474 3142; x_wconf 92' lang='lat' dir='ltr'>neque</span> <span class='ocrx_word' id='word_1_221' title='bbox 496 3057 663 3142; x_wconf 88' lang='lat' dir='ltr'>probabile</span> <span class='ocrx_word' id='word_1_222' title='bbox 682 3062 738 3123; x_wconf 91' lang='lat' dir='ltr'>est.</span> <span class='ocrx_word' id='word_1_223' title='bbox 770 3057 895 3124; x_wconf 91' lang='lat' dir='ltr'>Deinde</span> <span class='ocrx_word' id='word_1_224' title='bbox 914 3057 1047 3124; x_wconf 88' lang='lat' dir='ltr'>Verrius</span> <span class='ocrx_word' id='word_1_225' title='bbox 1065 3059 1199 3125; x_wconf 81' lang='lat' dir='ltr'>Flaccus</span> <span class='ocrx_word' id='word_1_226' title='bbox 1221 3058 1259 3123; x_wconf 92' lang='lat' dir='ltr'>de</span> <span class='ocrx_word' id='word_1_227' title='bbox 1277 3080 1357 3124; x_wconf 89' lang='lat' dir='ltr'>uoce</span> 
     </span>
     <span class='ocr_line' id='line_1_28' title="bbox 211 3162 1356 3254; baseline 0.003 -26"><span class='ocrx_word' id='word_1_228' title='bbox 211 3166 319 3235; x_wconf 86' lang='lat' dir='ltr'>satura</span> <span class='ocrx_word' id='word_1_229' title='bbox 347 3167 456 3250; x_wconf 88' lang='lat' dir='ltr'>egerat</span> <span class='ocrx_word' id='word_1_230' title='bbox 483 3162 581 3252; x_wconf 82' lang='lat' dir='ltr'>(Fest.</span> <span class='ocrx_word' id='word_1_231' title='bbox 600 3188 631 3251; x_wconf 89' lang='lat' dir='ltr'>p.</span> <span class='ocrx_word' id='word_1_232' title='bbox 650 3164 717 3230; x_wconf 83' lang='lat'>314</span> <span class='ocrx_word' id='word_1_233' title='bbox 725 3163 782 3230; x_wconf 91' lang='lat' dir='ltr'>M.:</span> <span class='ocrx_word' id='word_1_234' title='bbox 810 3166 928 3231; x_wconf 90' lang='lat' dir='ltr'>testim.</span> <span class='ocrx_word' id='word_1_235' title='bbox 948 3164 986 3254; x_wconf 93' lang='lat' dir='ltr'>I).</span> <span class='ocrx_word' id='word_1_236' title='bbox 1033 3165 1096 3243; x_wconf 86' lang='lat' dir='ltr'>Qui</span> <span class='ocrx_word' id='word_1_237' title='bbox 1123 3187 1196 3231; x_wconf 90' lang='lat' dir='ltr'>cum</span> <span class='ocrx_word' id='word_1_238' title='bbox 1224 3165 1263 3232; x_wconf 93' lang='lat' dir='ltr'>de</span> <span class='ocrx_word' id='word_1_239' title='bbox 1292 3187 1356 3232; x_wconf 88' lang='lat' dir='ltr'>car·</span> 
     </span>
     <span class='ocr_line' id='line_1_29' title="bbox 210 3270 1357 3358; baseline 0.003 -23"><span class='ocrx_word' id='word_1_240' title='bbox 210 3270 297 3358; x_wconf 89' lang='lat' dir='ltr'>mine</span> <span class='ocrx_word' id='word_1_241' title='bbox 316 3271 401 3356; x_wconf 89' lang='lat' dir='ltr'>quod</span> <span class='ocrx_word' id='word_1_242' title='bbox 420 3275 529 3337; x_wconf 88' lang='lat' dir='ltr'>satura</span> <span class='ocrx_word' id='word_1_243' title='bbox 546 3271 723 3337; x_wconf 84' lang='lat' dir='ltr'>uocabatur</span> <span class='ocrx_word' id='word_1_244' title='bbox 742 3273 872 3338; x_wconf 90' lang='lat' dir='ltr'>omnino</span> <span class='ocrx_word' id='word_1_245' title='bbox 889 3275 1018 3358; x_wconf 87' lang='lat' dir='ltr'>taceret,</span> <span class='ocrx_word' id='word_1_246' title='bbox 1036 3275 1164 3358; x_wconf 88' lang='lat' dir='ltr'>oportet</span> <span class='ocrx_word' id='word_1_247' title='bbox 1179 3277 1357 3339; x_wconf 81' lang='lat' dir='ltr'>statuamus</span> 
     </span>
     <span class='ocr_line' id='line_1_30' title="bbox 211 3376 1357 3468; baseline 0.003 -27"><span class='ocrx_word' id='word_1_248' title='bbox 211 3376 303 3442; x_wconf 92' lang='lat' dir='ltr'>illum</span> <span class='ocrx_word' id='word_1_249' title='bbox 330 3377 479 3444; x_wconf 83' lang='lat' dir='ltr'>carminis</span> <span class='ocrx_word' id='word_1_250' title='bbox 508 3401 626 3444; x_wconf 89' lang='lat' dir='ltr'>nomen</span> <span class='ocrx_word' id='word_1_251' title='bbox 653 3379 784 3444; x_wconf 92' lang='lat' dir='ltr'>minime</span> <span class='ocrx_word' id='word_1_252' title='bbox 814 3378 982 3445; x_wconf 87' lang='lat' dir='ltr'>deduxisse</span> <span class='ocrx_word' id='word_1_253' title='bbox 1010 3383 1067 3444; x_wconf 88' lang='lat' dir='ltr'>aut</span> <span class='ocrx_word' id='word_1_254' title='bbox 1096 3403 1115 3445; x_wconf 88' lang='lat' dir='ltr'>a</span> <span class='ocrx_word' id='word_1_255' title='bbox 1147 3383 1255 3445; x_wconf 83' lang='lat' dir='ltr'>sature</span> <span class='ocrx_word' id='word_1_256' title='bbox 1285 3379 1357 3468; x_wconf 90' lang='lat' dir='ltr'>lege</span> 
     </span>
     <span class='ocr_line' id='line_1_31' title="bbox 211 3484 1357 3572; baseline 0.002 -24"><span class='ocrx_word' id='word_1_257' title='bbox 211 3506 307 3568; x_wconf 88' lang='lat' dir='ltr'>quam</span> <span class='ocrx_word' id='word_1_258' title='bbox 330 3484 425 3550; x_wconf 89' lang='lat' dir='ltr'>finxit</span> <span class='ocrx_word' id='word_1_259' title='bbox 447 3490 504 3551; x_wconf 90' lang='lat' dir='ltr'>aut</span> <span class='ocrx_word' id='word_1_260' title='bbox 526 3507 545 3550; x_wconf 88' lang='lat' dir='ltr'>a</span> <span class='ocrx_word' id='word_1_261' title='bbox 569 3490 676 3551; x_wconf 88' lang='lat' dir='ltr'>satura</span> <span class='ocrx_word' id='word_1_262' title='bbox 698 3487 798 3572; x_wconf 79' lang='lat' dir='ltr'>lance,</span> <span class='ocrx_word' id='word_1_263' title='bbox 820 3486 875 3552; x_wconf 92' lang='lat' dir='ltr'>sed</span> <span class='ocrx_word' id='word_1_264' title='bbox 899 3486 1093 3552; x_wconf 90' lang='lat' dir='ltr'>abstinuisse</span> <span class='ocrx_word' id='word_1_265' title='bbox 1116 3487 1248 3552; x_wconf 90' lang='lat' dir='ltr'>omnino</span> <span class='ocrx_word' id='word_1_266' title='bbox 1272 3507 1357 3551; x_wconf 90' lang='lat' dir='ltr'>com-</span> 
     </span>
     <span class='ocr_line' id='line_1_32' title="bbox 210 3590 1357 3678; baseline 0.002 -22"><span class='ocrx_word' id='word_1_267' title='bbox 210 3591 377 3675; x_wconf 87' lang='lat' dir='ltr'>paratione</span> <span class='ocrx_word' id='word_1_268' title='bbox 409 3592 545 3657; x_wconf 90' lang='lat' dir='ltr'>istorum</span> <span class='ocrx_word' id='word_1_269' title='bbox 578 3592 758 3658; x_wconf 90' lang='lat' dir='ltr'>uerborum.</span> <span class='ocrx_word' id='word_1_270' title='bbox 814 3591 913 3658; x_wconf 79' lang='lat' dir='ltr'>Cuius</span> <span class='ocrx_word' id='word_1_271' title='bbox 945 3592 1087 3678; x_wconf 88' lang='lat' dir='ltr'>aequalis</span> <span class='ocrx_word' id='word_1_272' title='bbox 1121 3591 1274 3657; x_wconf 63' lang='lat' dir='ltr'>&#39;thinius</span> <span class='ocrx_word' id='word_1_273' title='bbox 1293 3590 1357 3658; x_wconf 87' lang='lat' dir='ltr'>VII</span> 
     </span>
     <span class='ocr_line' id='line_1_33' title="bbox 210 3696 1357 3784; baseline 0.003 -22"><span class='ocrx_word' id='word_1_274' title='bbox 210 3718 277 3783; x_wconf 85' lang='lat' dir='ltr'>cap.</span> <span class='ocrx_word' id='word_1_275' title='bbox 298 3698 327 3783; x_wconf 82' lang='grc'>2,</span> <span class='ocrx_word' id='word_1_276' title='bbox 342 3697 428 3764; x_wconf 56' lang='grc'>6-«8</span> <span class='ocrx_word' id='word_1_277' title='bbox 453 3699 540 3784; x_wconf 90' lang='lat' dir='ltr'>quod</span> <span class='ocrx_word' id='word_1_278' title='bbox 562 3697 736 3765; x_wconf 88' lang='lat' dir='ltr'>histriones</span> <span class='ocrx_word' id='word_1_279' title='bbox 759 3698 923 3766; x_wconf 85' lang='lat' dir='ltr'>Romanos</span> <span class='ocrx_word' id='word_1_280' title='bbox 947 3704 1021 3766; x_wconf 89' lang='lat' dir='ltr'>ante</span> <span class='ocrx_word' id='word_1_281' title='bbox 1044 3699 1175 3765; x_wconf 92' lang='lat' dir='ltr'>Liuium</span> <span class='ocrx_word' id='word_1_282' title='bbox 1198 3696 1357 3765; x_wconf 84' lang='lat' dir='ltr'>Androni-</span> 
     </span>
     <span class='ocr_line' id='line_1_34' title="bbox 211 3805 1356 3893; baseline 0 -23"><span class='ocrx_word' id='word_1_283' title='bbox 211 3826 285 3870; x_wconf 92' lang='lat' dir='ltr'>cum</span> <span class='ocrx_word' id='word_1_284' title='bbox 307 3805 386 3871; x_wconf 87' lang='lat' dir='ltr'>facit</span> <span class='ocrx_word' id='word_1_285' title='bbox 409 3806 494 3892; x_wconf 74' lang='lat' dir='ltr'>‘nom</span> <span class='ocrx_word' id='word_1_286' title='bbox 518 3806 601 3872; x_wconf 91' lang='lat' dir='ltr'>sicut</span> <span class='ocrx_word' id='word_1_287' title='bbox 623 3811 707 3893; x_wconf 85' lang='lat' dir='ltr'>ante,</span> <span class='ocrx_word' id='word_1_288' title='bbox 729 3805 926 3873; x_wconf 85' lang='lat' dir='ltr'>Fescennino</span> <span class='ocrx_word' id='word_1_289' title='bbox 950 3828 1045 3872; x_wconf 89' lang='lat' dir='ltr'>uersu</span> <span class='ocrx_word' id='word_1_290' title='bbox 1067 3806 1215 3891; x_wconf 82' lang='lat' dir='ltr'>similem,</span> <span class='ocrx_word' id='word_1_291' title='bbox 1237 3805 1356 3870; x_wconf 92' lang='lat' dir='ltr'>incom-</span> 
     </span>
     <span class='ocr_line' id='line_1_35' title="bbox 209 3911 1356 4000; baseline 0.003 -25"><span class='ocrx_word' id='word_1_292' title='bbox 209 3911 352 3996; x_wconf 90' lang='lat' dir='ltr'>positum</span> <span class='ocrx_word' id='word_1_293' title='bbox 379 3917 499 3981; x_wconf 88' lang='lat' dir='ltr'>temere</span> <span class='ocrx_word' id='word_1_294' title='bbox 531 3935 568 3980; x_wconf 89' lang='lat' dir='ltr'>ac</span> <span class='ocrx_word' id='word_1_295' title='bbox 598 3914 710 3980; x_wconf 88' lang='lat' dir='ltr'>rudem</span> <span class='ocrx_word' id='word_1_296' title='bbox 743 3914 886 3980; x_wconf 86' lang='lat' dir='ltr'>alternis’</span> <span class='ocrx_word' id='word_1_297' title='bbox 920 3914 1086 4000; x_wconf 82' lang='lat' dir='ltr'>iacientes,</span> <span class='ocrx_word' id='word_1_298' title='bbox 1119 3913 1187 3979; x_wconf 77' lang='lat' dir='ltr'>‘sed</span> <span class='ocrx_word' id='word_1_299' title='bbox 1218 3911 1356 3997; x_wconf 90' lang='lat' dir='ltr'>inpletas</span> 
     </span>
     <span class='ocr_line' id='line_1_36' title="bbox 209 4017 1356 4106; baseline 0.001 -24"><span class='ocrx_word' id='word_1_300' title='bbox 209 4017 313 4084; x_wconf 90' lang='lat' dir='ltr'>modis</span> <span class='ocrx_word' id='word_1_301' title='bbox 337 4023 461 4086; x_wconf 86' lang='lat' dir='ltr'>saturas</span> <span class='ocrx_word' id='word_1_302' title='bbox 484 4020 645 4106; x_wconf 89' lang='lat' dir='ltr'>descripto</span> <span class='ocrx_word' id='word_1_303' title='bbox 666 4021 731 4086; x_wconf 88' lang='lat' dir='ltr'>iam</span> <span class='ocrx_word' id='word_1_304' title='bbox 751 4020 791 4086; x_wconf 86' lang='lat' dir='ltr'>sd</span> <span class='ocrx_word' id='word_1_305' title='bbox 809 4020 975 4087; x_wconf 90' lang='lat' dir='ltr'>tibicinem</span> <span class='ocrx_word' id='word_1_306' title='bbox 994 4025 1090 4086; x_wconf 90' lang='lat' dir='ltr'>cantu</span> <span class='ocrx_word' id='word_1_307' title='bbox 1109 4024 1263 4104; x_wconf 91' lang='lat' dir='ltr'>motuque</span> <span class='ocrx_word' id='word_1_308' title='bbox 1282 4040 1356 4085; x_wconf 94' lang='lat' dir='ltr'>con·</span> 
     </span>
     <span class='ocr_line' id='line_1_37' title="bbox 210 4125 1355 4215; baseline 0.001 -26"><span class='ocrx_word' id='word_1_309' title='bbox 210 4125 349 4212; x_wconf 80' lang='lat' dir='ltr'>gruenti&#39;</span> <span class='ocrx_word' id='word_1_310' title='bbox 373 4132 571 4215; x_wconf 86' lang='lat' dir='ltr'>peragentes,</span> <span class='ocrx_word' id='word_1_311' title='bbox 595 4128 708 4194; x_wconf 91' lang='lat' dir='ltr'>deinde</span> <span class='ocrx_word' id='word_1_312' title='bbox 726 4126 856 4193; x_wconf 91' lang='lat' dir='ltr'>Liuium</span> <span class='ocrx_word' id='word_1_313' title='bbox 874 4127 1016 4212; x_wconf 89' lang='lat' dir='ltr'>primum</span> <span class='ocrx_word' id='word_1_314' title='bbox 1035 4149 1147 4192; x_wconf 88' lang='lat' dir='ltr'>ausum</span> <span class='ocrx_word' id='word_1_315' title='bbox 1168 4126 1219 4190; x_wconf 85' lang='lat' dir='ltr'>‘ab</span> <span class='ocrx_word' id='word_1_316' title='bbox 1239 4125 1355 4191; x_wconf 87' lang='lat' dir='ltr'>saturis</span> 
     </span>
     <span class='ocr_line' id='line_1_38' title="bbox 210 4218 1355 4320; baseline 0.002 -24"><span class='ocrx_word' id='word_1_317' title='bbox 210 4237 398 4319; x_wconf 85' lang='lat' dir='ltr'>argumento</span> <span class='ocrx_word' id='word_1_318' title='bbox 431 4233 573 4300; x_wconf 85' lang='lat' dir='ltr'>fabulam</span> <span class='ocrx_word' id='word_1_319' title='bbox 611 4236 735 4318; x_wconf 88' lang='lat' dir='ltr'>serere&#39;‚</span> <span class='ocrx_word' id='word_1_320' title='bbox 772 4257 810 4300; x_wconf 87' lang='lat' dir='ltr'>ea</span> <span class='ocrx_word' id='word_1_321' title='bbox 841 4234 1017 4301; x_wconf 89' lang='lat' dir='ltr'>Patauinus</span> <span class='ocrx_word' id='word_1_322' title='bbox 1056 4218 1160 4320; x_wconf 87' lang='lat' dir='ltr'>inagis</span> <span class='ocrx_word' id='word_1_323' title='bbox 1196 4232 1355 4298; x_wconf 89' lang='lat' dir='ltr'>rhetorice</span> 
     </span>
     <span class='ocr_line' id='line_1_39' title="bbox 210 4339 1355 4427; baseline 0.001 -24"><span class='ocrx_word' id='word_1_324' title='bbox 210 4339 338 4424; x_wconf 87' lang='lat' dir='ltr'>scripsit</span> <span class='ocrx_word' id='word_1_325' title='bbox 361 4361 458 4425; x_wconf 89' lang='lat' dir='ltr'>quam</span> <span class='ocrx_word' id='word_1_326' title='bbox 480 4341 633 4408; x_wconf 89' lang='lat' dir='ltr'>historice</span> <span class='ocrx_word' id='word_1_327' title='bbox 655 4364 759 4427; x_wconf 91' lang='lat' dir='ltr'>neque</span> <span class='ocrx_word' id='word_1_328' title='bbox 782 4364 822 4407; x_wconf 88' lang='lat' dir='ltr'>ex</span> <span class='ocrx_word' id='word_1_329' title='bbox 844 4342 907 4408; x_wconf 91' lang='lat' dir='ltr'>hoc</span> <span class='ocrx_word' id='word_1_330' title='bbox 929 4342 1001 4408; x_wconf 94' lang='lat' dir='ltr'>loco</span> <span class='ocrx_word' id='word_1_331' title='bbox 1028 4342 1097 4406; x_wconf 93' lang='lat' dir='ltr'>solo</span> <span class='ocrx_word' id='word_1_332' title='bbox 1126 4339 1289 4406; x_wconf 89' lang='lat' dir='ltr'>constabit</span> <span class='ocrx_word' id='word_1_333' title='bbox 1316 4339 1355 4405; x_wconf 95' lang='lat' dir='ltr'>de</span> 
     </span>
     <span class='ocr_line' id='line_1_40' title="bbox 210 4446 1355 4534; baseline 0.001 -23"><span class='ocrx_word' id='word_1_334' title='bbox 210 4451 318 4512; x_wconf 89' lang='lat' dir='ltr'>satura</span> <span class='ocrx_word' id='word_1_335' title='bbox 340 4453 486 4514; x_wconf 89' lang='lat' dir='ltr'>ueterum</span> <span class='ocrx_word' id='word_1_336' title='bbox 506 4446 726 4514; x_wconf 89' lang='lat' dir='ltr'>Romanorum</span> <span class='ocrx_word' id='word_1_337' title='bbox 750 4448 888 4515; x_wconf 88' lang='lat' dir='ltr'>carmine</span> <span class='ocrx_word' id='word_1_338' title='bbox 911 4447 1059 4534; x_wconf 87' lang='lat' dir='ltr'>populari</span> <span class='ocrx_word' id='word_1_339' title='bbox 1078 4446 1267 4514; x_wconf 86' lang='lat' dir='ltr'>dramatico:</span> <span class='ocrx_word' id='word_1_340' title='bbox 1291 4468 1355 4533; x_wconf 89' lang='lat' dir='ltr'>quo</span> 
     </span>
    </p>
   </div>
   <div class='ocr_carea' id='block_1_4' title="bbox 0 0 1530 5024">
    <p class='ocr_par' dir='ltr' id='par_1_5' title="bbox 0 0 1530 5024">
     <span class='ocr_line' id='line_1_41' title="bbox 0 0 1530 5024; baseline 0 3"><span class='ocrx_word' id='word_1_341' title='bbox 0 0 1530 5024; x_wconf 95' lang='lat' dir='ltr'> </span> 
     </span>
    </p>
   </div>
  </div>
 </body>
</html>
