3052 5024
587 335 865 388 PROLECOMENA.
1203 334 1302 390 LXVII

148 517 260 562 rorum
283 497 429 562 uidemus
452 495 614 561 Lucilium
638 498 759 582 afferre,
783 519 878 582 quem
902 497 970 583 ipse
993 499 1169 583 inspexerit
1191 499 1249 564 uel
1267 499 1303 567 in

150 604 354 688 aspirationis
382 603 529 669 minutiis
558 604 834 690 diligentissimus.
880 604 944 671 Sed
969 603 1106 671 Charisii
1129 605 1302 692 caprV

148 715 182 776 et
209 710 287 776 XVI
317 708 361 798 (p.
380 709 564 799 50-147),
596 712 653 776 ubi
685 711 735 777 illi
767 734 848 798 quos
876 734 974 797 supra
1000 714 1209 779 tractauimus
1236 714 1301 779 loci

150 818 374 903 inueniuntur,
402 818 555 884 exhibent
576 819 650 902 plus
672 817 797 884 XXXV
819 819 937 885 Lucilii
959 819 1149 906 fragmenta,
1172 823 1302 906 sumpta

150 948 190 991 ex
213 924 375 1010 prioribus
399 926 510 991 ordine
533 928 566 990 et
589 948 629 991 ex
647 926 880 1011 posterioribus
899 929 1079 991 saturarum
1097 926 1203 992 libris:
1225 929 1301 992 nam

151 1033 248 1098 etiam
275 1032 358 1099 liber
379 1031 473 1097 XXV
501 1031 645 1098 adfertur
666 1056 698 1118 p.
715 1031 787 1117 123,
803 1033 845 1097 12
869 1035 902 1098 et
923 1032 1007 1098 liber
1028 1031 1136 1099 XXIX
1159 1056 1189 1118 p.
1202 1031 1257 1117 97,
1270 1033 1300 1098 4.

149 1139 338 1231 Peragrauit
380 1139 480 1226 igitur
522 1139 750 1226 grammaticus
791 1139 847 1204 ille
888 1161 984 1224 quem
1022 1138 1162 1225 Caprum
1201 1139 1300 1205 fuisse

150 1247 297 1332 suspicor
324 1250 431 1312 totum
460 1268 576 1331 corpus
604 1239 785 1312 saturarum
805 1246 924 1311 Lucilii
951 1269 970 1311 a
997 1247 1103 1332 primo
1131 1268 1233 1331 usque
1260 1246 1301 1311 ad

150 1353 303 1420 ultimum
325 1354 446 1419 librum
470 1353 626 1439 studiose;
649 1352 811 1418 Lucilium
834 1375 960 1439 semper
983 1353 1094 1418 eodem
1118 1353 1213 1419 modo
1234 1352 1301 1418 lau-

149 1460 240 1525 dauit
258 1483 322 1545 quo
337 1459 449 1546 Caper,
467 1461 487 1525 i.
502 1483 526 1525 e.
547 1461 666 1525 omisso
686 1461 836 1547 genetiuo
855 1465 1037 1526 suturarum
1055 1464 1182 1545 praeter
1198 1482 1298 1525 unum
1310 1461 1452 1555 Qum

149 1568 332 1652 exemplum
368 1567 512 1652 positum
548 1590 578 1651 p.
605 1566 678 1647 118,
701 1566 752 1631 29.
808 1565 953 1632 Eandem
989 1588 1067 1632 uero
1104 1567 1139 1633 in
1173 1566 1299 1634 Lucilio

149 1674 310 1739 afferendo
343 1674 503 1740 rationem
535 1673 803 1759 deprehendimus
836 1674 921 1759 apud
952 1673 1168 1761 Priscianum,
1205 1697 1301 1760 quem

150 1778 254 1866 Capro
287 1804 382 1847 usum
415 1803 485 1847 esse
518 1784 644 1847 constat
676 1780 772 1846 sicuti
805 1780 843 1845 de
872 1778 977 1866 Capro
1010 1785 1135 1847 constat
1163 1780 1300 1848 Charisii

148 1891 288 1953 auctore.
329 1887 395 1954 Vbi
413 1887 489 1953 libri
507 1887 626 1954 Lucilii
644 1887 822 1952 afferuntur
840 1886 915 1952 inde
933 1909 953 1952 a
969 1886 1002 1953 H
1020 1910 1123 1972 usque
1141 1889 1182 1953 ad
1199 1887 1300 1974 XXX,

149 1995 196 2059 ita
212 1998 248 2059 ut
262 1998 428 2061 auctorem
442 1999 548 2061 totum
562 2016 751 2081 peragrasse
765 2016 881 2080 corpus
896 1997 1076 2061 saturarum
1092 1995 1299 2062 manifestum
1389 2029 1391 2031 >

150 2103 193 2166 sit
216 2105 249 2166 et
271 2103 392 2186 ubique
414 2103 602 2168 adferuntur
625 2103 744 2167 omisso
768 2102 920 2188 genetiuo
942 2108 1125 2168 suturarum
1144 2124 1209 2168 uno
1227 2104 1299 2168 looo

148 2212 282 2294 excepto
305 2207 321 2273 l
343 2233 374 2295 p.
390 2210 465 2295 203,
486 2209 566 2274 19Η
593 2209 632 2275 de
660 2231 724 2293 quo
755 2208 839 2274 infra
861 2213 984 2296 agetur.
1029 2208 1138 2294 Atque
1161 2207 1300 2275 Charisii

148 2315 278 2380 illorum
319 2317 462 2402 capitum
503 2314 606 2381 multa
647 2318 722 2380 sunt
762 2317 896 2401 propria
932 2316 1091 2400 multique
1127 2316 1300 2402 scriptores

147 2423 337 2508 peculiares:
373 2423 495 2508 passim
532 2422 676 2487 adfertur
711 2421 861 2507 Plinius,
886 2423 1170 2509 grammaticorum
1207 2421 1299 2509 Stilo,

147 2526 300 2594 Aurelius
324 2527 460 2614 Opilius,
483 2528 654 2615 Epicadus,
678 2527 802 2613 Santra,
824 2527 985 2616 Hyginus,
1009 2527 1144 2595 Cornuti
1166 2529 1243 2594 libri
1265 2531 1299 2595 in

147 2634 338 2723 Vergilium,
356 2641 525 2722 poetarum
541 2634 697 2719 Catullus,
711 2633 822 2721 Cinna,
836 2635 940 2701 Varro
954 2633 1120 2723 Atacinus,
1134 2634 1299 2721 Horatius,

148 2741 310 2828 Tibullus,
346 2742 548 2828 Propertius,
585 2739 744 2808 Aemilius
780 2742 900 2828 Macer,
937 2742 1087 2830 Valgius,
1123 2742 1300 2828 Maecenas,

148 2848 296 2934 Ouidius,
323 2849 523 2936 Pomponius
551 2848 730 2933 Secundus,
759 2848 927 2916 Cornelius
951 2847 1101 2937 Seuerus,
1130 2849 1299 2935 Martialis,

147 2953 273 3022 Annius
300 2955 430 3042 Florus,
458 2962 529 3023 tum
557 2955 591 3022 C.
615 2954 745 3040 Caesar,
771 2956 806 3022 Τ.
829 2957 955 3043 Liuius,
983 2955 1151 3023 Cornelius
1178 2955 1299 3043 Nepos,

146 3060 280 3129 Asinius
302 3063 404 3129 Poho.
450 3063 591 3130 Eosdem
619 3063 791 3149 scriptores
818 3065 995 3150 reperimus
1023 3064 1058 3129 in
1080 3063 1298 3149 disputatione

149 3167 245 3255 Capri
263 3171 302 3236 de
321 3171 428 3236 dubiis
446 3171 631 3237 nominibus
651 3168 704 3236 CL
719 3170 751 3236 V
764 3194 793 3256 p.
809 3169 987 3236 orl-594
1004 3171 1108 3236 ueluti
1122 3169 1298 3238 Aemilium

146 3275 301 3362 Macrum,
314 3276 497 3363 Horatium,
516 3277 692 3363 Tibullum,
705 3277 920 3363 Propertium,
934 3275 1118 3343 Cornelium
1133 3275 1298 3362 Seuerum,

146 3382 328 3451 Martialem
368 3389 494 3470 poetas,
534 3383 696 3471 Nepotem
736 3385 867 3451 Liuium
904 3384 1071 3451 Polionem
1111 3385 1297 3451 historicos:

147 3494 283 3576 utraque
306 3491 483 3578 disputatio
507 3515 544 3558 ea
561 3515 595 3558 re
615 3493 764 3578 inprimis
784 3492 920 3580 insignis
939 3496 997 3577 est,
1021 3492 1108 3577 quod
1125 3491 1297 3576 utrobique

146 3599 291 3664 adfertur
317 3597 474 3666 Scaeuola
496 3598 527 3687 (I
549 3598 704 3685 p,101,7
729 3597 761 3663 V
775 3597 850 3683 575,
864 3596 936 3686 24),
963 3598 1114 3665 Melissus
1138 3597 1298 3686 (1101,4

147 3704 179 3770 V
191 3703 266 3790 575,
281 3706 311 3790 8,
333 3705 488 3773 Varronis
512 3706 551 3772 de
572 3706 753 3772 actionibus
777 3706 930 3771 scaenicis
949 3705 1026 3770 libri
1045 3703 1076 3794 (I
1092 3705 1199 3791 147,ss
1219 3704 1297 3771 alibi

146 3811 178 3877 V
200 3811 276 3897 590,
297 3810 348 3900 4),
383 3813 526 3878 eiusdem
559 3813 744 3899 epistolicae
777 3814 980 3897 quaestiones
1013 3809 1187 3898 (1138‚4
1219 3811 1298 3876 alibi

146 3917 178 3983 V
192 3917 267 4004 588,
284 3920 354 4005 19),
382 3920 465 3985 liber
487 3919 527 3985 ed
548 3918 723 3986 Neronem
736 3917 766 4007 (I
781 3919 858 4004 130,
871 3920 910 3984 17
935 3918 967 3984 V
981 3917 1056 4004 590,
1071 3916 1138 4006 26).
1183 3916 1199 3982 Ι
1215 3937 1296 4001 aque

147 4026 256 4091 omnia
277 4026 344 4091 fere
367 4048 449 4111 quae
466 4026 553 4112 apud
572 4025 754 4092 Charisium
772 4027 793 4092 l.
807 4049 830 4091 s.
846 4049 869 4092 s.
888 4025 1099 4092 inueniuntur
1115 4023 1297 4111 fragmenta

144 4131 262 4198 Lucilii
296 4131 399 4221 Capro
432 4133 682 4217 uindicubimus,
714 4132 770 4218 qui
802 4134 870 4199 eius
902 4137 1027 4199 satrrras
1060 4131 1172 4198 eodem
1199 4130 1295 4195 modo

145 4241 366 4327 peragrauerit
390 4263 453 4325 quo
474 4238 570 4307 Gellii
593 4240 686 4307 libris
709 4240 873 4306 historicis
897 4262 1028 4325 operam
1051 4237 1139 4304 dedit
1158 4234 1296 4301 Charisii

145 4351 259 4413 auctor
275 4371 306 4432 p.
327 4345 379 4432 54,
400 4347 536 4432 13seqq.
555 4347 612 4412 ubi
630 4347 771 4434 primum
790 4347 934 4412 adfertur
948 4344 1084 4412 ‘Cellius
1103 4345 1139 4409 in
1150 4341 1183 4410 Π
1196 4392 1204 4409 .
1219 4393 1226 4408 .
1241 4394 1248 4407 .
1263 4346 1296 4409 et

145 4449 1296 4520 ineodem...'tum‘etintertio..‚etinV...etinVH...idem

1049 4556 1082 4612 ,a
