3052 5024
206 293 256 348 XX
642 293 921 347 PROLEGOMENA.

206 454 268 541 μὲν
294 459 413 540 μίσους
439 454 553 545 ἐκείνῳ
580 458 653 541 μία,
688 456 862 542 χρημάτων
890 456 1055 540 ἄπληστος
1082 451 1243 541 ἐπιθυμία
1269 458 1354 522 unde

207 567 297 648 patet
315 585 388 629 eum
406 585 540 629 uxorem
559 563 723 629 duxisses
742 562 842 628 diuite
861 562 957 627 domo
976 561 1188 647 ampliterque
1202 563 1355 647 dotatam,

208 669 328 756 quippe
357 671 409 735 cui
435 691 500 736 nou
528 669 752 736 tantummodo
781 690 872 734 suam
899 671 1024 754 partem
1047 667 1087 734 de
1109 691 1144 734 re
1166 669 1276 754 patris,
1299 669 1353 734 sed

208 778 305 843 etiam
344 777 383 842 de
419 780 534 862 patruo
567 776 687 842 caelibe
717 776 894 842 hereditate
926 775 1082 863 obtigisse
1113 774 1280 860 probabile
1312 774 1355 841 sit

206 884 370 950 fortunam
407 884 569 971 grandem.
622 882 683 949 Illa
719 883 856 967 denique
886 881 998 970 Magni
1029 882 1163 967 Pompei
1198 882 1355 948 affinitate

207 991 328 1056 factum
347 995 404 1074 est,
423 994 460 1055 ut
478 990 681 1077 grammatici
699 990 813 1055 domus
832 989 1047 1075 Pompeianae
1064 989 1166 1055 ueluti
1180 989 1355 1075 Pompeius

207 1097 351 1164 Lenaeus
366 1095 496 1164 Curtius
509 1096 543 1164 N
543 1097 621 1165 icias
636 1097 969 1182 Pompeianorumque
983 1096 1078 1161 amici
1091 1095 1194 1162 ueluti
1206 1095 1355 1162 Valerius

208 1203 287 1271 Cato
315 1205 463 1291 inprimis
491 1204 616 1271 Lucilio
648 1226 778 1290 operam
807 1203 965 1270 dederint:
993 1207 1104 1269 contra
1127 1224 1207 1288 quos
1230 1208 1356 1291 pugoal

208 1310 405 1389 Q.Horatius
441 1312 583 1396 partium
616 1310 759 1377 Caesaris
798 1314 936 1377 sectator
967 1310 1140 1377 acerrimus
1172 1310 1207 1375 in
1238 1312 1354 1376 saturis

206 1417 393 1483 14111110.
443 1417 590 1503 Denique
617 1417 645 1484 si
677 1438 788 1484 reuera
818 1422 916 1502 poeta
946 1417 1001 1483 lib.
1020 1415 1083 1482 XII
1101 1416 1215 1482 11427
1248 1417 1355 1502 bunc,

208 1524 314 1609 siquid
332 1525 439 1609 pueris
461 1525 567 1609 nobis,
589 1547 640 1590 me
664 1528 696 1591 et
718 1525 818 1590 fratre
834 1524 961 1591 fuisset'
980 1524 1019 1589 de
1038 1546 1095 1589 sus
1113 1529 1209 1611 gente
1226 1526 1354 1592 locutus

208 1636 265 1717 est,
289 1631 352 1697 duo
375 1631 600 1698 tantummodo
629 1632 715 1697 filios
738 1631 894 1697 habuerat
916 1630 1033 1697 Lucilii
1055 1636 1159 1717 poter:
1187 1632 1304 1716 quibus
1327 1632 1355 1698 si

208 1739 285 1823 quid
316 1738 422 1824 prima
450 1742 554 1804 aetate
586 1737 751 1821 acciderit,
785 1737 949 1802 hominem
982 1738 1140 1822 quendam
1167 1739 1294 1805 fidelem
1323 1743 1356 1804 et

207 1845 370 1933 integrum
385 1866 531 1911 sororum
545 1849 579 1910 et
592 1846 706 1911 domus
721 1865 797 1910 suae
806 1844 1016 1910 constituerat
1025 1848 1173 1910 tutorem.
1197 1843 1356 1912 Conuenit

208 1952 345 2038 denique
358 1973 432 2018 cum
446 1953 501 2037 eis,
524 1973 606 2037 quae
619 1953 659 2017 de
673 1951 795 2016 diuitiis
810 1954 842 2015 et
855 1949 1025 2016 nobilitate
1040 1950 1154 2016 domus
1170 1951 1355 2018 Lucilianae

208 2059 326 2124 tradita
351 2064 435 2143 sunt,
458 2058 544 2144 quod
567 2081 664 2143 eques
690 2061 787 2143 poete
816 2056 976 2142 stipendio
1006 2058 1125 2122 meruit
1153 2055 1286 2146 (testim
1306 2057 1354 2146 9):

209 2166 304 2231 sicuti
326 2169 455 2231 auctore
477 2165 572 2231 Liuio
596 2162 720 2252 (XXIII
737 2164 768 2249 4,
787 2161 823 2250 8)
846 2163 930 2229 inter
945 2167 1105 2231 trecentos
1127 2164 1201 2230 illos
1221 2166 1355 2250 equites,

210 2274 266 2357 qui
297 2272 383 2338 bello
411 2272 626 2338 Hannibalico
654 2273 687 2336 in
714 2271 873 2357 praesidia
901 2268 1080 2337 Sicularum
1108 2272 1236 2338 urbium
1264 2273 1356 2338 missi

209 2383 293 2463 sunt,
316 2379 548 2445 ‘nobilissimus
571 2378 718 2464 quisque’
740 2382 809 2444 erat
826 2376 1071 2463 Campanorum.
1111 2376 1221 2463 Atque
1239 2377 1356 2445 Suessa

208 2484 362 2553 Aurunca
396 2487 483 2552 iussa
519 2490 588 2553 erat
619 2507 703 2551 anno
736 2485 878 2571 550s204
916 2486 1083 2572 sexaginta
1119 2486 1194 2552 dare
1231 2487 1355 2572 equites

209 2597 338 2659 auctore
365 2594 476 2659 eodem
503 2593 598 2659 Liuio
622 2591 730 2658 XXIX
750 2591 845 2677 15‚c
873 2589 1013 2679 (XXVII
1031 2592 1062 2677 9,
1081 2589 1115 2680 7)
1144 2614 1241 2677 quam
1267 2594 1355 2659 locu·

208 2701 404 2786 pletissimos
427 2699 520 2790 (conf
531 2699 620 2766 Stud.
635 2698 735 2765 Lucil.
750 2699 852 2765 Bonn.
870 2699 955 2764 1882
970 2722 1000 2784 p.
1011 2697 1077 2786 92).
1119 2697 1234 2784 Neque
1252 2699 1356 2786 fugiet

209 2830 282 2873 eum
310 2809 366 2893 qui
394 2812 573 2873 saturarum
600 2806 753 2891 reliquias
785 2807 964 2872 accuratius
992 2807 1165 2894 perlegerit
1191 2811 1355 2873 auctorem

116 2943 129 2971 r
180 2914 308 2980 afuisse
342 2913 505 2980 hominem
538 2913 671 2978 diuItem
704 2916 737 2977 et
767 2912 990 2997 pecuniosum,
1026 2913 1164 2998 praediis
1201 2918 1234 2979 et
1269 2916 1355 3002 agris

208 3020 415 3105 locupletem,
441 3020 488 3085 rei
515 3020 653 3084 rusticae
681 3041 817 3107 gnarum
841 3016 929 3106 (uide
951 3020 1067 3085 testim.
1088 3022 1108 3086 6
1132 3023 1165 3086 et
1187 3020 1222 3085 4:
1245 3021 1355 3087 incert.

209 3151 239 3192 u.
256 3125 370 3213 1246),
397 3127 444 3192 rei
471 3126 626 3212 equestris
654 3125 885 3210 peritissimum
913 3130 946 3191 et
974 3126 1244 3194 studiosissimum
1267 3125 1355 3215 (uide

209 3256 291 3320 quae
318 3233 458 3299 diximus
485 3233 526 3299 ad
548 3233 604 3298 1111.
618 3232 681 3298 XV
699 3255 729 3298 u.
744 3231 810 3298 506
833 3253 921 3317 seqq.
935 3230 1015 3298 VIII
1032 3257 1062 3299 u.
1077 3234 1143 3298 313
1162 3256 1249 3319 seqq.
1263 3233 1356 3300 XXX

209 3363 239 3406 u.
256 3340 339 3405 1041
361 3362 447 3426 seqq.
467 3340 576 3406 incert.
590 3363 620 3405 u.
638 3338 748 3427 1109),
766 3339 822 3425 qui
837 3340 992 3425 seipsum
1009 3340 1064 3406 lib.
1079 3339 1142 3406 XII
1161 3364 1191 3407 u.
1209 3342 1274 3407 428
1290 3364 1355 3427 seq.

208 3452 246 3513 ut
281 3447 454 3535 prodigum
490 3448 644 3533 pecuniae
680 3446 886 3532 descripsisse
922 3448 1069 3513 uideatur
1108 3448 1195 3514 ‘huic
1230 3448 1356 3514 homini

210 3557 379 3639 quaestore
406 3555 514 3639 aliquo
542 3576 623 3622 esse.
639 3577 720 3640 opus
749 3558 845 3639 atque
875 3576 991 3641 corago
1019 3554 1195 3640 publicitus
1227 3555 1284 3640 qui
1310 3555 1355 3620 mi

210 3665 305 3746 atque
325 3683 343 3725 e
361 3661 439 3727 fisco
459 3661 610 3746 praebeat
628 3661 767 3727 amum':
791 3682 871 3745 quae
892 3661 991 3727 uerba
1008 3663 1110 3727 relata
1123 3684 1192 3729 esse
1205 3663 1356 3728 uidentur

209 3771 247 3832 ut
265 3766 365 3851 patris
383 3789 422 3832 ex
437 3789 491 3833 ore
514 3773 644 3853 accepta
666 3771 832 3853 sumptum
854 3768 916 3833 filii
935 3768 1158 3854 uituperantis.
1195 3769 1356 3836 Habuisse

210 3873 372 3940 Lucilium
395 3875 525 3960 praedia
547 3876 581 3939 in
604 3874 711 3941 Sicula
734 3879 820 3940 terra
841 3876 1036 3941 coniecimus
1061 3898 1102 3941 ex
1123 3877 1178 3945 lib.
1193 3875 1302 3941 XXVI
1325 3886 1360 3941 u.'

210 3980 274 4045 667
298 3980 356 4046 ubi
376 3981 512 4070 legenda
535 4003 616 4066 quae
638 3981 674 4047 in
697 3982 926 4047 commentario
950 3983 1164 4067 exposuimus.
1274 3998 1276 4001 ’

174 4122 198 4163 ‚a
299 4088 497 4154 Memoratur
518 4088 636 4154 Lucilii
659 4089 861 4174 dispensator
882 4088 1001 4155 infidus
1024 4090 1155 4156 domino
1176 4090 1232 4156 lib.
1247 4088 1355 4155 XXIX

210 4217 239 4259 u.
260 4194 324 4259 819
343 4217 444 4280 seqq,
471 4194 589 4262 Lucilii
616 4197 786 4261 columella
813 4196 897 4261 fidus
924 4197 1054 4263 domino
1081 4197 1211 4263 nomine
1238 4197 1356 4262 Metro·

209 4300 330 4385 phanes
366 4300 460 4367 XXII
487 4326 517 4367 u.
541 4301 621 4389 580,
660 4303 801 4369 Pacilius
843 4304 1071 4390 tesorophylax
1106 4302 1201 4369 XXII
1227 4304 1356 4390 11581,

210 4404 423 4492 Symmachus
437 4409 596 4476 bubulcus
609 4407 659 4475 III
672 4432 701 4474 u.
715 4409 788 4496 105,
801 4409 1015 4478 Aristocraten
1028 4411 1145 4477 uilicus
1163 4410 1226 4475 XV
1239 4409 1354 4476 111112.
