3082 5018
219 333 317 391 cml
648 338 929 391 PROLEGOMENA.

310 497 365 564 Vl.
388 498 571 566 Euanthius
608 499 646 563 de
692 499 857 565 comoedia
893 522 923 584 p.
945 499 986 564 16
1018 497 1184 566 Wessneri
1216 498 1261 564 ‘et
1291 498 1369 565 hinc

220 604 334 671 deinde
365 605 453 671 aliud
484 627 585 693 genus
612 605 740 671 fabulae
768 606 801 670 id
830 610 879 671 est
901 610 1009 689 satyra
1031 607 1170 691 sumpsit
1193 605 1368 689 exordium,

219 735 300 797 quae
315 736 333 777 a
352 714 467 798 satyris
486 734 567 798 quos
581 714 604 797 †
618 713 742 779 inuocis
761 734 887 798 semper
901 735 938 779 ac
955 712 1136 798 petulantes
1154 711 1230 778 deos
1249 714 1367 778 scimus

218 841 301 903 esse,
328 820 469 886 uocitata
496 825 558 904 est,
586 820 646 886 etsi
674 820 802 885 aliunde
829 842 946 886 nomen
973 842 1073 905 praue
1100 823 1216 903 putant
1241 819 1367 885 habere.

220 925 300 990 haec
323 929 430 1010 satyra
452 924 552 1011 igitur
574 927 642 992 eius
669 926 757 991 modi
780 927 856 1011 fuit,
883 930 920 992 ut
942 928 977 992 in
1000 950 1037 992 ea
1061 928 1208 1013 quamuis
1232 926 1311 991 duro
1335 931 1368 991 et

218 1033 309 1099 uelut
336 1034 454 1120 agresti
482 1032 554 1098 ioco
582 1033 620 1098 de
649 1034 737 1100 uitiis
766 1033 900 1118 ciuium,
928 1039 1036 1100 tamen
1059 1035 1127 1101 sine
1151 1034 1218 1098 ullo
1241 1033 1367 1118 proprii

217 1140 357 1206 nominis
377 1141 471 1206 titulo
490 1161 616 1206 carmen
631 1144 722 1206 esset.
742 1141 828 1225 quod
843 1141 927 1206 idem
942 1163 1043 1227 genus
1058 1139 1241 1207 comoediae
1255 1139 1365 1206 multis

218 1245 313 1312 offuit
332 1246 446 1332 poetis,
470 1268 543 1313 cnm
562 1247 595 1311 in
615 1246 830 1332 suspicionem
849 1246 1036 1331 potentibus
1056 1247 1176 1312 ciuium
1195 1247 1366 1330 uenissent,

217 1353 348 1420 illorum
376 1355 462 1420 fecta
490 1353 695 1437 descripsisse
719 1355 752 1417 in
775 1355 866 1438 peius
891 1375 927 1420 ac
951 1354 1144 1419 deformasse
1168 1375 1268 1440 genus
1292 1356 1365 1420 stilo

218 1461 378 1528 carminis.
411 1460 497 1545 quod
528 1462 652 1546 primus
679 1459 823 1527 Lucilius
854 1481 941 1525 nouo
970 1460 1162 1545 conscripsit
1189 1460 1298 1546 modo,
1330 1464 1367 1526 ut

219 1566 333 1653 poesin
355 1567 429 1632 inde
451 1568 581 1634 fecisset
603 1568 636 1633 id
658 1572 709 1633 est
730 1568 825 1632 unius
849 1566 1000 1632 carminis
1023 1568 1180 1651 plurimos
1203 1568 1312 1633 libros.

307 1672 377 1738 VII.
410 1673 521 1739 Isidor.
555 1674 635 1760 orig.
662 1672 742 1739 VIII
767 1675 833 1758 7,7
874 1673 958 1738 ‘Duo
995 1678 1102 1739 autem
1140 1678 1216 1740 sunt
1250 1696 1366 1761 genera

124 1868 127 1874 Ι
218 1781 427 1864 comicorum,
455 1780 488 1845 id
510 1785 560 1846 est
582 1785 707 1846 ueteres
731 1781 876 1865 admoui,
900 1786 1039 1866 ueteres,
1063 1784 1173 1868 quiet
1196 1782 1268 1847 ioco
1291 1782 1367 1847 ridi-

217 1888 340 1954 culares
364 1888 521 1971 existunt,
546 1891 583 1952 ut
605 1886 753 1972 Plautus,
775 1886 909 1971 Accius,
932 1887 1113 1974 Terentium
1139 1889 1230 1972 noui,
1254 1889 1310 1973 qui
1334 1893 1366 1954 et

216 1993 360 2080 satyrici,
395 2017 415 2058 a
448 1994 564 2079 quibus
598 1994 790 2081 generaliter
821 1995 902 2061 uitia
934 1999 1121 2079 carpuntur,
1154 1998 1191 2060 ut
1223 1995 1365 2079 Flaccus,

216 2101 359 2186 Persius,
384 2099 546 2167 quenalis
569 2106 602 2167 et
625 2102 689 2166 alii.
735 2100 780 2166 Hi
803 2103 888 2167 enim
910 2102 1136 2167 uniuersorum
1160 2102 1275 2168 delicta
1298 2123 1365 2168 cor-

215 2209 340 2293 ripiunt
372 2230 431 2274 neo
462 2209 625 2275 nitebatur
655 2209 695 2274 ab
724 2209 769 2274 eis
797 2209 972 2293 pessimum
1002 2230 1160 2292 quemque
1188 2209 1365 2275 describere

215 2337 274 2381 nec
297 2314 468 2381 cuiuslibet
490 2320 624 2401 peccata
644 2337 814 2401 moresque
832 2314 1072 2401 reprehendere.
1110 2314 1218 2400 [Vnde
1236 2320 1269 2380 et
1285 2317 1365 2382 nudi

215 2422 404 2510 pinguntur,
423 2445 460 2488 eo
479 2424 566 2508 quod
584 2446 642 2509 per
661 2445 715 2489 eos
729 2423 810 2489 uitia
824 2424 953 2509 singula
965 2422 1188 2508 denudentur]
1227 2422 1364 2508 Satyrici

215 2534 322 2594 autem
351 2530 516 2614 dicamur,
544 2531 613 2595 siue
641 2530 728 2614 quod
755 2529 843 2615 pleni
872 2533 947 2596 sunt
973 2529 1061 2594 omni
1083 2529 1232 2595 facundia
1254 2529 1365 2595 siuea

217 2636 385 2702 saturitate
409 2641 441 2701 et
465 2638 613 2724 copia-
630 2638 669 2702 de
688 2638 834 2722 pluribus
854 2638 939 2703 enim
959 2636 1055 2701 simul
1072 2636 1168 2702 rebus
1187 2636 1365 2721 loquuntur

137 2739 177 2770 ¹
216 2781 258 2789 -
269 2766 326 2808 seu
344 2743 385 2809 ab
407 2744 464 2810 illa
480 2743 571 2810 ianoe
590 2766 671 2829 quae
691 2744 824 2811 diuersis
843 2743 972 2830 frugum
993 2742 1045 2808 uel
1063 2765 1232 2828 pomorum
1253 2745 1364 2828 (mm)

216 2849 386 2937 generibus
415 2851 455 2916 ad
482 2853 602 2936 templa
630 2851 799 2938 gentilium
824 2852 949 2918 solebat
972 2851 1100 2937 deferri3
1127 2855 1183 2916 aut
1205 2873 1224 2916 e
1246 2853 1363 2935 satyris

214 2979 333 3023 nomen
357 2958 488 3043 dictum,
512 2959 568 3042 qui
591 2958 695 3023 inulta
717 2958 838 3024 habent
860 2954 906 3043 ee,
930 2981 1011 3044 quae
1035 2981 1092 3043 per
1111 2957 1360 3042 ui<n>olentiam

216 3063 411 3152 (ommatium
436 3063 531 3153 codd)
556 3068 712 3132 dicuntur.
750 3068 865 3150 <Vnde
887 3073 915 3132 et
937 3068 1017 3132 nudi
1033 3067 1212 3150 properatur
1231 3087 1264 3131 eo
1281 3067 1364 3149 quod

209 3193 269 3255 per
292 3194 340 3238 eos
362 3175 444 3238 uitio
466 3174 593 3256 strepeto
616 3175 837 3257 denudentur).
881 3172 968 3238 Coni
987 3172 1121 3238 Comuti
1144 3175 1360 3237 commentum

215 3279 256 3343 ad
283 3278 429 3345 Persium
463 3280 509 3344 ed.
532 3279 571 3344 Ε.
586 3279 724 3345 Kurzius
752 3279 918 3367 Burgdori
946 3279 1030 3345 1875
1058 3303 1088 3365 p.
1104 3276 1183 3344 VIII
1212 3277 1362 3343 “Dicitur

215 3388 322 3451 autem
346 3387 443 3452 satira
471 3411 490 3452 a
515 3386 605 3452 lance
633 3387 765 3452 deorum
864 3389 917 3452 uel
945 3410 963 3452 a
986 3386 1092 3451 satiris
1116 3385 1233 3451 dicitur
1256 3386 1360 3451 satira

215 3490 374 3558 Conuenit
401 3493 487 3558 enim
516 3516 587 3558 cum
616 3515 726 3559 eornm
755 3493 973 3578 qualitatibus.
1018 3491 1071 3558 Illi
1099 3493 1184 3557 enim
1208 3491 1287 3558 nudi
1311 3493 1362 3557 de-

214 3599 393 3686 pinguntur
416 3600 601 3686 capripedes
624 3605 657 3667 et
680 3602 832 3666 saltantes
855 3622 928 3666 rure
950 3599 1179 3665 habitantes'''
1202 3622 1227 3665 e.
1244 3622 1272 3685 q.
1288 3621 1311 3665 s.

303 3704 391 3772 VIII.
417 3707 597 3792 [Lucretius
621 3707 652 3772 V
677 3707 763 3773 1390
795 3707 885 3773 ‘haec
916 3706 1041 3771 animos
1074 3706 1149 3772 ollis
1178 3708 1362 3774 mulcebant

214 3818 311 3899 atque
334 3814 487 3880 iuuabunt
510 3836 582 3880 cum
606 3816 720 3880 satiate
743 3815 820 3880 cibi:
845 3837 920 3879 nam
943 3818 1013 3878 tum
1037 3818 1113 3879 sunt
1135 3814 1279 3880 carmina
1302 3816 1362 3897 (itu

214 3922 455 3989 Luehmumnus:
479 3923 586 3988 omnia
608 3921 699 4010 codd)
724 3920 848 4007 cordi’]
873 3921 951 3986 conf
971 3919 1054 3985 Pers.
1074 3919 1090 3985 l
1109 3920 1160 3985 31.
1175 3919 1227 3985 51.
1242 3921 1293 3986 52.

305 4026 359 4094 IX.
384 4028 514 4114 [Tibull.
537 4028 569 4094 Π
590 4030 618 4114 1,
636 4028 677 4094 51
714 4030 867 4116 ‘agricola
898 4028 1031 4095 adsiduo
1058 4029 1200 4113 primum
1226 4028 1359 4094 satiatus

215 4140 320 4202 aratro
340 4137 483 4202 cantauit
501 4141 588 4203 certo
607 4138 728 4202 metica
744 4138 843 4202 uerba
861 4135 941 4221 pede
955 4139 1091 4202 stratur
1105 4136 1206 4202 arenti
1220 4135 1360 4221 primum

216 4246 266 4308 est
293 4243 475 4309 modulatus
504 4265 606 4310 auena
628 4266 770 4328 carmen,
797 4248 833 4309 ut
856 4247 985 4309 ornatos
1009 4244 1129 4309 diceret
1150 4246 1224 4308 ante
1248 4242 1360 4328 deos']

303 4350 342 4414 X.
366 4350 494 4435 [Liuius
516 4349 579 4417 VH
601 4350 669 4435 nt
696 4350 764 4436 ‘qni
787 4348 987 4438 (histriones)
1011 4372 1077 4416 non
1099 4350 1183 4416 sicut
1206 4354 1280 4415 ante
1304 4349 1360 4416 Fe

215 4457 366 4525 scennino
381 4479 476 4524 uersu
490 4458 637 4543 similem,
652 4457 903 4547 incompositum
918 4462 1038 4526 temere
1051 4478 1089 4525 ac
1101 4456 1213 4525 rudem
1228 4458 1360 4526 alternis
