3052 5024
577 261 855 342 recusabimus.
1212 287 1289 343 xvir

230 451 340 517 Etiam
358 456 497 517 metrum
516 452 604 535 quod
620 455 746 516 saturae
759 450 946 516 conueniret
959 472 1025 516 non
1039 452 1149 517 statim
1163 451 1289 538 inuenit
1302 474 1371 512 nara
1385 473 1465 513 aazia

142 560 247 645 primo
270 563 396 626 conatu.
442 558 585 624 Exorsus
613 562 663 623 est
690 562 792 623 metro
817 558 961 623 omnium
984 559 1122 624 maxime
1140 558 1290 646 populari

143 672 176 733 et
197 666 323 733 Romae
348 670 521 751 postquam
545 664 731 730 Saturnium
759 687 814 730 rus
841 665 1066 752 relegauerunt
1093 670 1125 730 et
1151 663 1289 731 Athenis

141 771 320 862 (Plutarch.
335 770 413 838 Sull.
429 794 496 857 cap.
506 770 552 860 2),
566 771 747 857 septenario
762 772 935 857 trochaico,
953 776 1130 838 metrorum
1146 773 1289 838 omnium

142 880 363 947 uetustissimo
388 878 596 965 Graecorum,
624 878 711 964 quod
737 879 878 945 naturali
906 881 1043 964 quadum
1070 880 1142 967 lege
1162 880 1290 953 >confor-

45 1058 47 1061 ,
143 991 268 1054 matum
290 987 355 1053 fuit
377 1009 397 1052 a
419 986 626 1052 saltatoribus
646 985 761 1071 priscis
779 987 980 1072 temporibus
1004 992 1036 1052 et
1054 987 1237 1052 etiamnunc
1255 988 1291 1053 in

143 1093 264 1160 nostris
286 1094 391 1159 nostri
414 1093 486 1159 aeui
509 1094 735 1159 saltationibus
754 1093 898 1158 omnium
921 1094 987 1159 fere
1011 1094 1156 1181 gentium
1173 1093 1290 1179 princi·

142 1199 249 1288 palem
281 1200 405 1266 obtinet
437 1200 553 1267 locum.
604 1199 685 1266 Octo
718 1200 803 1265 enim
835 1199 971 1285 pedibus
1004 1205 1153 1266 constant
1180 1200 1290 1266 etiam-
1374 1241 1390 1273 .

142 1330 229 1374 nunc
245 1329 358 1372 uersus
378 1306 523 1374 omnium
541 1307 759 1393 saltationum,
778 1306 1010 1391 tripodationes
1029 1308 1130 1394 igItur
1142 1309 1289 1374 uersibus

142 1418 291 1481 constant
310 1415 330 1480 8
345 1429 388 1485 ><
402 1415 424 1480 3
438 1446 481 1468 =
496 1414 541 1480 24
557 1419 755 1500 temporum:
778 1414 819 1480 ad
838 1415 928 1480 ouius
947 1436 1059 1481 uersus
1076 1415 1290 1502 longitudinis

142 1523 284 1608 spatium
307 1526 381 1588 ante
404 1522 555 1588 carminis
578 1521 744 1589 Homerici
766 1526 912 1608 tempora
939 1523 1086 1589 redactus
1110 1527 1159 1588 est
1182 1523 1289 1607 epicus

140 1631 326 1696 hexameter
354 1633 535 1714 temporum
564 1629 584 1693 6
599 1645 641 1699 ><
656 1628 679 1694 4
693 1660 735 1683 =
751 1630 806 1710 24,
840 1630 895 1714 qui
918 1631 1083 1718 saltationi
1112 1651 1290 1714 numquam

141 1736 270 1803 uidetur
297 1736 492 1802 inseruiisse.
538 1735 612 1802 Hoc
639 1741 743 1801 metro
770 1757 848 1801 usus
878 1740 926 1801 est
948 1741 1044 1820 poeta
1066 1736 1158 1802 libris
1181 1735 1290 1802 XXVI

141 1847 173 1909 et
191 1841 327 1928 XXVII,
344 1843 435 1908 libris
456 1841 598 1908 XXVIII
618 1846 650 1907 et
667 1841 827 1908 XXVIIII
845 1847 973 1928 praeter
991 1844 1187 1928 septenarios
1204 1866 1291 1909 noua

140 1951 314 2035 temptauit
332 1954 435 2016 metra
450 1951 611 2016 senarium
631 1953 664 2014 et
676 1950 824 2016 heroum:
844 1950 918 2015 inde
937 1973 956 2014 a
973 1950 1056 2015 libro
1072 1950 1164 2016 XXX
1182 1955 1291 2016 satura

140 2058 287 2125 Romana
311 2056 494 2123 continetur
521 2056 591 2123 solo
610 2057 804 2122 hexametro.
846 2056 940 2123 Vnde
963 2061 1109 2143 apertum
1132 2059 1171 2123 fit
1193 2079 1290 2143 quam

140 2165 249 2252 inepte
276 2164 386 2250 Lydus
415 2163 454 2228 de
481 2164 624 2251 magistr.
644 2187 673 2249 p.
689 2163 758 2229 R.I
775 2163 817 2229 41
848 2160 979 2251 (testim.
993 2163 1101 2253 XXX)
1128 2164 1290 2230 Lucilium

140 2271 247 2337 tradat
269 2295 288 2337 a
310 2270 498 2337 Rhinthone
521 2293 671 2337 exorsum
695 2293 774 2356 esse,
797 2272 854 2356 qui
875 2272 1071 2337 hexametris
1092 2272 1290 2338 comoediam

142 2378 369 2469 conscripserit
399 2379 531 2463 primus.
584 2376 646 2455 Qui
678 2399 750 2444 cum
783 2379 822 2443 de
849 2379 1062 2466 Pythagoreis
1091 2383 1194 2444 ortam
1222 2401 1290 2445 esse

141 2488 283 2551 saturam
297 2484 477 2552 Romanam
495 2486 659 2571 professus
678 2486 731 2570 sit,
749 2484 999 2551 semidoctorum
1018 2485 1149 2551 illorum
1166 2487 1291 2552 somnia

141 2596 269 2658 secutus
301 2597 363 2679 est,
396 2594 452 2676 qui
483 2593 557 2658 inde
589 2616 608 2658 a
639 2593 868 2659 uetustissimis
899 2593 1100 2677 temporibus
1128 2591 1290 2658 Graeculis

142 2701 305 2766 credentes
324 2700 522 2787 nugantibus
541 2699 687 2766 Romana
701 2700 850 2765 instituta
863 2723 882 2765 a
895 2700 1099 2787 Pythagorae
1112 2701 1290 2787 praeceptis

142 2807 349 2873 deducebant.
406 2805 504 2873 Ouiue
545 2806 631 2872 filius
668 2804 822 2892 Aemylos
864 2807 951 2891 quod
986 2805 1143 2873 Aemiliae
1184 2808 1290 2894 gentis

141 2914 279 2979 traditur
296 2913 396 2979 firisse
419 2915 570 2999 princeps
589 2911 692 3002 (Paul.
707 2937 747 2979 ex
765 2914 848 2980 Vest.
863 2937 894 2998 p.
910 2915 952 2978 23
971 2914 1013 2979 M.
1020 2914 1104 2980 Plut.
1118 2913 1227 2982 Numa
1246 2914 1291 3003 8),

141 3043 212 3087 eam
239 3021 383 3086 fabulam
413 3021 477 3086 iam
506 3021 651 3086 extitisse
678 3043 762 3086 anno
790 3021 856 3086 lere
883 3019 1027 3107 554s200
1055 3026 1215 3088 testantur
1244 3023 1290 3088 in·

142 3127 333 3212 scriptiones
376 3125 513 3194 Graecae
555 3150 636 3213 quae
676 3128 814 3193 formam
855 3128 1027 3193 exhibeant
1064 3127 1291 3194 Graecanicam

142 3239 306 3320 Αιμυλιος
335 3237 370 3300 in
396 3235 638 3322 Dittenbergeri
666 3235 780 3322 syllcg.
796 3234 870 3300 edit.
884 3233 916 3299 Π
935 3235 1014 3320 268,
1040 3235 1111 3300 118.
1140 3235 1220 3320 928,
1238 3235 1289 3300 60.

141 3340 315 3426 588,104.

230 3446 320 3515 Haec
342 3449 577 3534 praemittenda
599 3470 668 3514 esse
691 3448 778 3530 duxi,
800 3472 868 3515 non
886 3471 950 3534 quo
969 3447 1154 3535 colligerem
1174 3449 1291 3533 omnia,

142 3576 362 3640 quaecumque
385 3557 459 3621 inde
482 3579 501 3622 a
525 3555 713 3622 casaubono
737 3556 776 3620 de
795 3560 903 3621 satura
921 3555 1047 3641 prolata
1065 3560 1156 3623 erant
1173 3557 1291 3622 iudicia

142 3683 161 3725 a
183 3662 264 3726 uiris
287 3661 399 3747 doctis,
422 3664 478 3729 sed
498 3664 573 3749 quia
591 3662 709 3730 Lucilii
727 3664 882 3729 editorem
902 3685 1039 3746 aequum
1058 3669 1127 3729 erat
1145 3664 1291 3730 confiteri

142 3769 221 3852 quid
245 3771 378 3835 sentiret
401 3770 524 3835 dehac
547 3772 733 3857 quaestione
756 3770 901 3835 omnium
924 3770 1116 3836 difficillima
1138 3776 1171 3836 et
1188 3793 1290 3855 usque

141 3873 181 3937 ad
204 3875 346 3941 taedium
371 3876 528 3944 lectorum
551 3879 680 3964 agitata.
944 3873 945 3877 ¹

392 4089 457 4156 Da
476 4090 582 4156 VITA
604 4092 663 4157 ET
683 4089 809 4157 POESI
833 4090 1040 4158 encomii.

230 4213 280 4279 De
303 4216 434 4281 nomine
458 4214 613 4281 O.Lucilii
635 4218 725 4281 nulla
747 4221 797 4281 est
820 4217 975 4283 dissensio
998 4239 1102 4302 neque
1126 4217 1164 4281 de
1184 4216 1290 4301 putria
1304 4234 1471 4275 cuerirnomen

141 4326 263 4406 poetae.
309 4320 395 4387 Illud
421 4323 501 4406 quin
528 4323 707 4408 antiquItus
734 4324 890 4389 usitatum
916 4324 1015 4389 fuerit
1044 4323 1129 4409 apud
1156 4323 1289 4389 Latinos

141 4450 207 4493 non
230 4428 364 4494 dubium
384 4434 440 4516 est,
464 4451 537 4496 cum
556 4430 590 4494 in
608 4429 738 4514 speculo
757 4431 965 4496 Praenestino
985 4428 1070 4517 (cm
1089 4429 1168 4495 XIV
1186 4428 1288 4516 4104)

196 4543 282 4584 nunna
295 4543 344 4584 1011.
359 4544 394 4585 sa.
408 4544 490 4584 usu.
1057 4535 1076 4588 b
