3052 5024
216 313 353 368 LXXVIII
643 315 924 370 PROLEGOMENA.

122 524 126 531 »
215 499 325 543 rarum
344 476 472 543 omisso.
505 476 683 562 Redarguit
701 480 809 542 autem
825 475 1015 542 Caesellium
1035 498 1100 541 non
1113 480 1241 541 tantum
1257 475 1363 562 Sulpi-

216 586 284 651 cius
298 586 354 650 sed
369 584 466 649 etiam
481 583 649 649 Terentius
665 582 804 649 Scaurus
820 583 858 648 de
873 605 937 669 qno
952 605 1048 669 supra
1062 585 1187 671 egimus
1203 605 1233 667 p.
1242 583 1364 649 LXXV

215 696 297 758 teste
317 689 420 757 Gellio
436 689 483 755 XI
505 689 555 774 15,
573 691 594 754 3
618 690 674 755 ubi
695 713 714 755 a
731 690 859 755 Laberii
885 689 957 756 looo
980 690 1196 777 proficiscitur
1214 689 1363 756 anscllii

215 799 448 884 interpretatio,
471 800 585 882 poetae
609 796 781 862 admodum
804 796 868 862 ran'
891 797 976 882 apud
998 798 1232 884 grammaticos.
1269 797 1363 863 Vnda

216 905 387 991 suspiceris
412 902 508 970 Gellii
536 907 633 990 eaput
655 902 773 969 XVI9
800 903 857 968 ubi
885 903 924 969 de
947 904 1077 989 ‘susque
1108 904 1221 989 doqne'
1248 904 1364 990 agitur,

215 1012 400 1078 testimonia
423 1011 610 1077 adferuntur
635 1011 785 1095 deinceps
809 1010 974 1077 ‘Laberius
1003 1011 1036 1075 in
1061 1010 1362 1096 Compitalibus...

214 1119 257 1184 Μ,
272 1118 376 1184 Varro
395 1118 428 1182 in
448 1116 604 1184 Sisenna.
620 1170 626 1182 .
642 1169 648 1182 .
663 1118 806 1183 Lucilius
824 1118 860 1183 in
878 1117 973 1184 tertio
989 1168 996 1182 .
1012 1170 1018 1182 .
1034 1119 1052 1182 .'
1075 1119 1154 1184 item
1179 1117 1363 1184 eansellii

215 1226 316 1311 copiis
344 1247 412 1291 esse
439 1225 563 1290 hausta.
612 1224 781 1290 Praeterea
808 1223 995 1289 adfenmtur
1013 1222 1195 1308 11114,10
1221 1225 1362 1309 primum

215 1355 326 1400 uersus
349 1331 467 1398 Lucilii
490 1332 609 1397 omissa
631 1331 708 1396 libri
729 1334 808 1397 nota
830 1329 986 1396 ‘Lucilius
1003 1383 1008 1395 .
1025 1383 1053 1396 ..
1073 1331 1187 1396 etalio
1206 1331 1277 1397 loeo
1293 1383 1299 1396 .
1315 1332 1363 1417 ..',

215 1440 360 1524 sequitur
379 1436 451 1527 (11)
477 1436 557 1503 ‘Iam
584 1438 620 1502 in
647 1438 813 1504 uicesimo'
837 1437 921 1502 unde
945 1436 1124 1523 complures
1149 1439 1266 1503 iterum
1290 1439 1363 1504 scri-

214 1550 323 1630 ptores
346 1545 537 1631 compilasse
562 1543 701 1610 Gellium
725 1548 893 1630 appareat,
916 1545 993 1611 item
1012 1542 1059 1608 XI
1078 1544 1107 1629 7,
1126 1545 1146 1609 9
1171 1546 1232 1609 ‘est
1254 1549 1362 1610 antem

214 1654 248 1717 in
275 1652 393 1717 Lucilii
411 1649 458 1716 XI
486 1651 623 1718 uersus':
658 1673 794 1736 quorum
821 1652 964 1737 capitum
993 1651 1032 1716 do
1063 1651 1248 1717 auctoribus
1282 1674 1363 1737 quae

214 1760 277 1824 uiri
301 1760 388 1825 docti
411 1780 520 1824 eruere
544 1758 605 1824 sibi
628 1758 691 1824 uisi
714 1762 789 1824 sunt
815 1759 947 1846 collegit
969 1758 1090 1824 Hosius
1118 1760 1152 1823 in
1176 1756 1271 1824 Gellii
1298 1758 1363 1823 edi-

214 1867 302 1932 tione
323 1889 355 1950 p.
373 1864 474 1930 XXX.
492 1863 606 1930 XLIV.
644 1863 728 1930 Aliis
751 1869 859 1930 tamen
882 1865 962 1931 locis
986 1863 1108 1931 Gellius
1131 1865 1244 1931 scribit
1261 1866 1362 1930 ueluti

213 1973 357 2038 Lucilius
380 1973 415 2036 in
457 1972 537 2037 ertio
561 1976 740 2058 satyrarum
768 1971 863 2038 sicuti
881 1970 897 2037 Ι
918 1972 1009 2057 loa
1037 1972 1123 2057 quod
1150 1976 1247 2058 caput
1274 1973 1362 2037 fuere

214 2079 270 2164 qui
297 2078 404 2145 Probo
432 2078 612 2144 tribuerent
639 2076 775 2165 (Hosius
792 2080 813 2145 1.
833 2102 856 2145 s.
875 2101 906 2164 p.
925 2077 1034 2144 XXIV
1053 2077 1088 2166 3)
1116 2099 1175 2145 neo
1207 2082 1363 2163 errarunt,

214 2186 337 2271 opinor.
374 2184 460 2251 Nam
483 2185 670 2252 adferuntur
692 2187 877 2252 testimonio
901 2186 976 2251 inde
993 2207 1013 2251 a
1030 2188 1050 2267 ἕ
1070 2186 1090 2250 2
1109 2183 1202 2252 ‘Item
1221 2186 1362 2252 lucilius

213 2295 247 2358 in
270 2295 367 2360 tertio
391 2297 571 2378 satyrarum
586 2345 592 2358 .
610 2342 616 2357 .
632 2344 639 2358 .
658 2291 761 2358 Varro
780 2293 815 2357 in
833 2289 928 2358 XVII
945 2292 1213 2358 humanarum...
1226 2291 1270 2357 Μ.
1282 2291 1361 2357 (lato

213 2401 247 2464 in
277 2400 382 2486 primo
416 2401 574 2488 originum
590 2451 596 2465 .
612 2451 618 2464 .
634 2399 653 2465 .'
698 2397 825 2485 Nempe
856 2398 989 2465 eandem
1022 2400 1136 2465 seriem
1168 2401 1361 2486 scriptorum

213 2506 322 2573 eadem
346 2507 470 2572 ratione
498 2508 554 2592 qui
582 2506 768 2572 adferantur
794 2507 927 2592 praebet
949 2505 1074 2573 Valerii
1099 2506 1198 2573 Probi
1225 2507 1260 2571 in
1282 2505 1362 2572 Ver·

213 2614 327 2700 gilium
350 2614 600 2681 commentarius
622 2637 653 2699 p.
672 2613 787 2699 326,2
811 2614 858 2680 ed.
881 2614 968 2699 Lips.
989 2613 1075 2679 1902
1104 2612 1222 2679 ‘Huius
1254 2618 1360 2679 autem

212 2719 355 2786 fluminis
371 2773 377 2784 .
394 2773 400 2786 .
416 2773 422 2787 .
441 2719 545 2786 Varro
569 2722 717 2787 meminit
739 2721 953 2787 humanarum
972 2719 1020 2786 XI
1042 2720 1089 2786 sie
1103 2772 1110 2785 .
1126 2773 1155 2786 ..
1179 2720 1258 2786 item
1282 2719 1360 2785 Cato

214 2827 377 2914 originum
395 2826 444 2893 III
460 2880 466 2892 .
482 2879 511 2893 ..
534 2827 684 2894 Facelitis
712 2833 820 2894 autem
848 2828 971 2894 Dianae
997 2827 1141 2894 Lucilius
1170 2849 1297 2913 quoque
1327 2828 1361 2892 in

213 2934 310 2999 tertio
334 2939 512 3019 satyrarum
536 2935 685 3001 meminit
707 2936 753 3001 sic
768 2988 774 3001 .
790 2987 796 3000 .
813 2935 831 2999 .'
868 2933 1024 3020 Reliquos
1051 2936 1140 3001 locos
1164 2934 1282 3000 Lucilii
1306 2936 1361 3019 qui

213 3041 325 3106 eodem
349 3040 445 3107 modo
469 3041 578 3107 addito
602 3043 752 3128 genetiuo
775 3048 957 3108 saturarum
979 3041 1167 3107 adferuntur
1186 3042 1271 3125 apud
1291 3039 1361 3107 Gel-

212 3148 293 3213 lium
312 3146 425 3213 XVIII
444 3149 464 3214 8
482 3147 531 3214 Ν
551 3149 580 3234 1,
598 3150 618 3214 3
638 3149 668 3214 X
687 3150 780 3234 20,4
803 3149 887 3215 unde
911 3148 1084 3234 sumpserit
1105 3149 1222 3214 nescio.

101 3292 132 3332 a
145 3291 214 3332 Nom
302 3254 372 3320 Iam
395 3260 527 3322 uentum
551 3261 600 3323 est
622 3256 662 3321 ad
685 3278 758 3321 eum
782 3257 1041 3342 grammaticum,
1069 3255 1121 3321 cui
1143 3257 1240 3341 longe
1262 3256 1362 3341 pluri-

213 3382 284 3426 mae
306 3361 464 3429 debentur
483 3361 637 3446 reliquiae
656 3385 789 3449 poeseos
808 3362 1003 3447 Lnoilianae,
1024 3361 1170 3428 Nonium
1189 3363 1259 3427 dico
1278 3361 1361 3427 Mar-

213 3467 330 3533 cellum
353 3467 544 3555 Numidam,
569 3471 659 3535 cuins
682 3469 849 3557 degentis
874 3470 1043 3557 splendore
1066 3473 1099 3534 ct
1121 3469 1244 3535 diuitiis
1267 3469 1361 3535 etde

212 3574 317 3659 patria
339 3579 466 3641 constat
488 3574 584 3642 titulo
609 3574 676 3641 oIL
695 3575 776 3642 VIII
794 3577 882 3642 4878
907 3576 955 3665 (in
981 3576 1106 3662 sylloge
1127 3575 1360 3642 Dessauianal

213 3680 315 3771 29433
338 3682 415 3747 conf
429 3680 506 3747 Rev.
526 3682 611 3750 arob.
634 3683 719 3748 1903
737 3706 767 3769 p.
789 3682 882 3772 144),
914 3684 953 3749 de
984 3705 1122 3768 persona
1154 3688 1186 3748 et
1216 3688 1360 3770 tempore

212 3787 355 3853 nondum
374 3793 508 3874 constat,
526 3790 589 3855 nisi
608 3791 694 3875 quod
712 3792 841 3876 scripsit
858 3793 933 3876 post
946 3787 1094 3856 Gellium.
1126 3789 1259 3855 Librum
1274 3812 1360 3857 com-

212 3895 322 3979 posuit
345 3894 589 3980 compendiosae
612 3896 777 3963 doctrinae
799 3897 840 3962 ad
864 3896 982 3983 filium,
1011 3897 1067 3980 qui
1094 3896 1176 3962 liber
1202 3901 1316 3982 postea
1343 3920 1360 3962 e

212 4001 383 4087 penatibus
410 4002 524 4069 domus
552 4002 720 4069 Nouianae
747 4003 884 4071 excessit
911 4008 944 4068 et
969 4002 1167 4089 bybliopolis
1195 4007 1228 4070 et
1256 4025 1360 4091 gram·

212 4109 338 4175 matiois
365 4110 437 4175 ideo
465 4111 499 4175 in
525 4110 648 4176 honore
676 4110 787 4176 debuit
809 4133 891 4195 esse,
914 4110 1001 4196 qnod
1023 4109 1085 4197 illi,
1112 4132 1249 4195 quorum
1272 4110 1360 4176 locu·

212 4214 316 4282 tiones
339 4216 374 4282 in
395 4215 496 4282 Nonii
522 4216 606 4282 libro
629 4217 768 4283 inueniri
791 4222 941 4304 poterant
968 4217 1140 4302 scriptores
1168 4217 1298 4302 uetusti,
1325 4218 1360 4283 in

213 4320 428 4405 bybliothecis
446 4328 479 4388 et
496 4323 583 4409 apud
600 4323 805 4409 bybliopolas
823 4347 890 4390 non
905 4326 970 4390 iam
985 4324 1161 4391 exstabant.
1184 4324 1359 4391 Hominem

213 4425 312 4515 uulgo
336 4428 448 4495 dicunt
470 4429 611 4516 stuporis
635 4430 766 4515 plenum
790 4435 822 4496 et
845 4432 1049 4517 ineptiarum,
1075 4453 1148 4498 oum
1172 4432 1211 4496 de
1234 4431 1360 4519 origine
