3082 5018
595 357 874 409 PROLEGOMENA.
1248 353 1307 410 CXI

163 542 334 584 nnmerum
367 522 546 584 saturarum
586 519 682 584 unius
715 519 870 602 cuiusque
901 517 977 583 libri
1004 512 1168 583 ¹Luciliani
1200 521 1310 604 augeri
1325 519 1522 612 VMQ‘QW

162 626 277 692 debere
301 648 398 711 supra
420 646 589 692 nnmerum
612 623 651 689 V.
697 623 782 690 Nam
805 625 882 691 libri
905 630 938 691 et
964 623 1140 691 uoluminis
1163 625 1307 710 profecto
1376 626 1456 666 2¹⁴th

160 733 340 819 amplitudo
372 754 439 799 non
470 736 597 819 poterat
626 753 727 816 usque
755 734 879 819 augeri,
912 754 992 817 quae
1019 735 1052 797 et
1080 732 1309 798 consuetudine

160 844 193 906 et
215 845 283 906 arte
306 840 513 927 glutinatoris
536 839 634 904 fuerit
658 840 906 924 circumscripta.
948 837 1051 923 Atqui
1073 837 1229 904 Horatius
1253 839 1309 923 qui

163 946 204 1011 10
227 946 280 1011 uel
304 947 323 1012 8
348 951 470 1011 saturas
494 968 558 1012 uno
583 946 747 1011 uolumine
771 945 1057 1031 comprehenderit,
1082 944 1239 1010 breuitate
1262 946 1309 1010 in·

161 1053 277 1137 primis
305 1057 338 1118 et
364 1053 462 1119 litura
489 1075 638 1137 superare
666 1074 700 1117 se
729 1053 834 1117 uoluit
860 1051 1036 1136 Lucilium,
1067 1050 1211 1116 Lucilius
1239 1053 1309 1136 ipse

163 1161 313 1244 copiosus
341 1161 477 1225 nimium
506 1164 574 1225 erat
592 1163 624 1224 et
643 1159 807 1224 abundans
825 1159 942 1241 uerbis,
964 1157 1113 1248 garrulus
1133 1161 1165 1224 et
1182 1158 1308 1244 longus·

163 1266 340 1353 Longiores
366 1268 466 1354 igitur
484 1267 588 1331 multo
607 1266 707 1331 fuisse
725 1269 848 1331 saturas
867 1264 986 1330 Lucilii
1004 1287 1100 1349 quam
1114 1262 1308 1329 Horatianas

161 1378 301 1458 apparet.
348 1372 439 1437 Libri
462 1370 532 1436 III
554 1370 602 1437 III
624 1370 702 1437 XVI
729 1394 826 1436 unam
855 1370 1077 1436 tantummodo
1102 1370 1309 1436 continebant

161 1483 301 1544 saturam
321 1480 418 1544 sicuti
435 1477 597 1544 quenalis
615 1478 670 1543 lib.
685 1477 725 1543 Π.
762 1478 862 1543 Porro
883 1500 956 1543 oum
970 1476 1132 1542 quenalis
1147 1477 1308 1543 Lucilium
1333 1546 1337 1558 ,

161 1609 194 1652 se
217 1588 309 1669 sequi
332 1586 459 1650 disertis
482 1585 589 1650 uerbis
608 1585 876 1669 pronuntiauerit,
895 1585 986 1650 cuius
1006 1584 1188 1670 exemplum
1206 1583 1309 1649 ueluti

162 1695 196 1758 in
225 1692 353 1760 Graecis
385 1692 552 1758 uocabulis
585 1714 730 1757 sermone
763 1691 973 1757 admiscendis
1007 1691 1154 1777 neglecta
1182 1690 1309 1756 Horatii

160 1800 398 1885 uituperatione
432 1803 541 1885 aperte
576 1803 703 1865 secutus
732 1799 787 1883 sit,
810 1799 897 1864 hunc
924 1820 983 1863 nos
1007 1797 1115 1883 potins
1139 1820 1309 1882 sequemur

161 1906 323 1973 auctorem
356 1907 391 1971 in
421 1928 554 1971 numero
587 1910 766 1972 saturarum
794 1905 1032 1989 constituendo,
1063 1909 1143 1988 quot
1173 1906 1308 1992 singulis

160 2013 304 2079 Lucilius
322 2013 415 2078 libris
434 2013 724 2099 comprehenderit:
749 2035 844 2096 quem
861 2023 1032 2078 numerum
1050 2013 1146 2078 modo
1165 2011 1189 2096 I,
1212 2013 1308 2079 modo
1435 2014 1439 2022 '

161 2119 216 2206 III,
240 2121 336 2186 modo
359 2119 415 2199 IV,
438 2143 542 2204 neque
564 2121 756 2206 plusquam
775 2118 806 2182 V
825 2121 923 2186 fuisse
942 2120 994 2184 his
1013 2120 1210 2206 argumentis
1233 2119 1309 2185 freti

162 2248 222 2291 nos
245 2230 357 2292 nostro
380 2228 450 2292 iure
473 2231 658 2292 statuemus.

250 2351 299 2415 De
317 2353 450 2417 metrica
465 2353 698 2436 compositione
712 2350 788 2416 libri
801 2348 942 2416 XXVIII
955 2349 1018 2415 hoo
1032 2354 1157 2414 tantum
1173 2354 1307 2434 constat,
1321 2333 1469 2437 misia,

161 2460 225 2523 tres
243 2442 424 2524 ¹minimum
452 2459 552 2524 fuisse
580 2462 702 2524 saturas
730 2479 833 2542 neque
860 2458 969 2542 plures
998 2458 1128 2522 omnino
1161 2457 1260 2522 fuisse
1293 2438 1471 2521 e“⁶'³¹¹⁷¹¹¹

160 2584 295 2629 numero
303 2564 557 2651 fragmentorum
565 2587 662 2651 supra
670 2565 873 2630 confecimus.
898 2563 1114 2629 Ratiocinatio
1123 2563 1194 2629 ideo
1202 2564 1309 2630 minus

161 2675 248 2735 certa
258 2671 375 2755 euadit,
385 2672 471 2757 quod
481 2672 520 2737 de
529 2673 710 2759 fragmento
721 2687 812 2735 -σ-
824 2668 868 2758 (u.
881 2669 944 2734 769
951 2669 1052 2756 seqq.)
1063 2669 1189 2735 dubites
1199 2674 1308 2735 utrum

161 2779 360 2863 septenarius
387 2779 486 2845 fuerit
513 2802 553 2845 an
577 2779 706 2844 senarii:
737 2799 796 2865 ego
819 2776 1060 2843 Lachmannum
1086 2780 1213 2842 secutus
1237 2799 1309 2842 sum

162 2885 218 2968 qui
243 2886 384 2951 senarios
409 2886 509 2951 edidit
532 2887 612 2969 ideo,
637 2885 723 2971 quod
746 2886 775 2951 si
792 2907 903 2951 reuera
921 2885 1120 2970 septenarius
1139 2883 1219 2949 illud
1237 2884 1309 2966 fuit,

161 2991 239 3056 duas
262 2991 453 3058 babebimus
478 2996 601 3059 saturas
621 2992 809 3079 septenariis
829 2992 1023 3077 compositas
1043 2992 1077 3056 in
1094 2991 1150 3056 lib.
1168 2989 1310 3056 XXVIII

163 3097 250 3183 quod
268 3103 402 3185 propter
419 3101 572 3186 exiguum
591 3101 688 3165 nimis
705 3121 875 3165 numerum
889 3121 1041 3165 uersuum
1056 3099 1165 3182 quiex
1178 3102 1309 3181 utraque

132 3231 135 3233 ·
162 3205 325 3290 supersint
347 3203 383 3293 (4
398 3206 451 3271 uel
465 3204 500 3293 5)
519 3207 626 3272 minus
650 3212 698 3272 est
716 3206 891 3292 probabile.
936 3204 985 3270 De
1005 3205 1115 3270 ordine
1134 3208 1310 3270 metrorum

161 3310 225 3376 hoc
248 3303 375 3377 constat
396 3315 473 3397 post
495 3314 692 3397 septenarios
716 3313 889 3378 collocatos
911 3313 1012 3377 fuisse
1035 3310 1189 3376 senarios:

281 3453 297 3519 I
366 3452 544 3539 Septenarii
643 3477 688 3519 aa
701 3493 746 3501 -
769 3455 996 3520 sarcinatorem
1020 3476 1089 3519 esse
1109 3476 1139 3538 p.
1157 3452 1220 3518 175

143 3608 144 3611 ,
242 3557 301 3624 .11
369 3558 493 3625 Senarii
643 3561 749 3627 -bb
772 3565 936 3646 praeterea
957 3561 1037 3626 baec
1060 3561 1222 3627 subsiciua

251 3662 320 3728 III?
364 3664 551 3731 Hexametri

162 3824 212 3890 De
239 3823 433 3888 hexametris
457 3845 496 3888 ex
519 3826 729 3892 similitudine
751 3827 806 3891 lib.
825 3827 933 3893 XXIX
957 3829 1096 3894 conicias
1119 3829 1215 3895 tertio
1238 3831 1310 3895 looo

162 3954 218 3997 eos
241 3930 342 3996 fuisse
366 3931 549 3996 collocatos.
594 3931 673 3998 Post
694 3933 814 3998 librum
840 3933 965 4000 XXVII
992 3958 1078 4001 noua
1104 3940 1207 4001 metra
1231 3941 1311 4001 tem·

162 4039 270 4123 ptanit
288 4041 385 4123 poeta
402 4036 494 4102 libris
513 4038 638 4104 dnobus
656 4039 797 4105 XXVIII
815 4045 848 4107 et
864 4041 985 4107 XXIX:
1009 4043 1083 4107 inde
1095 4029 1122 4107 na
1144 4042 1200 4106 lib.
1218 4041 1310 4105 XXX

162 4146 298 4212 heroum
322 4146 427 4211 solum
451 4148 558 4210 satum
577 4145 709 4232 dignum
728 4170 796 4213 esse
815 4148 944 4234 publice
962 4150 1054 4234 poesi
1072 4172 1129 4214 sua
1147 4148 1310 4233 professus

163 4257 212 4318 est
235 4275 298 4337 qua
321 4253 356 4318 in
377 4274 411 4316 re
430 4252 530 4317 secuti
550 4274 622 4317 eum
642 4258 717 4319 sunt
735 4259 846 4341 postea
864 4259 978 4341 poetae
997 4256 1111 4322 similis
1130 4256 1311 4341 argumenti

164 4381 283 4425 omnes.
319 4358 503 4444 Itaquelib.
522 4359 664 4425 XXVIII
678 4366 751 4445 tres,
768 4361 824 4427 lib.
838 4361 946 4427 XXIX
966 4362 1107 4446 quinque
1126 4360 1311 4427 continebat

164 4470 288 4532 saturas
310 4466 374 4532 boc
395 4467 489 4532 modo
513 4467 684 4553 dispositas
706 4469 796 4534 utin
814 4474 951 4554 utroque
969 4469 1110 4554 primum
1130 4467 1311 4553 septenarii,
