3082 5018
598 345 878 397 PROLEGOMENA.
1202 343 1312 398 CXXIII

165 506 337 590 iaciebant,
365 506 420 571 sed
447 504 584 589 inpletas
610 505 714 570 modis
738 510 875 589 saturas,
904 506 1063 591 descripto
1088 506 1152 572 iam
1176 506 1217 572 ad
1240 507 1313 572 tibi-

165 614 269 678 cinem
302 616 399 677 cantu
431 614 586 697 motuque
619 612 809 699 congruenti
841 614 1045 699 peragebant.
1094 613 1207 679 Liuius
1238 618 1315 699 post

165 720 290 804 aliquot
321 720 427 803 annis,
459 720 514 801 qui
546 719 586 783 ab
620 719 737 786 saturis
769 741 864 786 ausus
897 724 946 786 est
973 720 1096 804 primus
1124 724 1313 806 argumento

166 826 310 892 fabulam
333 825 449 892 serere'
473 847 498 891 e.
514 848 543 910 q.
558 825 596 910 s]

253 931 309 998 XI.
332 930 474 997 quenal.
498 931 575 997 181
607 932 670 997 ‘Hx
693 955 757 1018 quo
781 932 959 999 Deucalion
982 934 1100 1000 nimbis
1124 934 1314 1001 tollentibus

166 1062 286 1126 aequor
302 1040 434 1126 nauigio
453 1044 596 1105 montem
616 1040 759 1106 ascendit
840 1045 873 1106 et
890 1041 1033 1106 maribus
1052 1041 1154 1107 nudas
1174 1042 1315 1108 ostendit

165 1147 290 1232 Pyrrha
321 1148 445 1232 puellas
478 1146 635 1232 quidquid
667 1151 768 1234 agsmt
796 1147 956 1232 homines,
992 1152 1105 1213 uotum
1137 1150 1236 1214 timor
1267 1150 1316 1214 ira

166 1255 316 1340 uoluptas
340 1254 458 1340 gaudia
481 1253 652 1338 discursus,
675 1255 778 1320 nostri
800 1255 928 1340 farrago
951 1254 1053 1320 libelli
1076 1256 1145 1321 est'

254 1360 327 1426 XII.
345 1361 492 1426 Martian.
509 1359 640 1445 Capella
658 1363 692 1426 in
711 1361 840 1446 epilogo
858 1362 964 1447 operis
982 1385 1013 1446 p.
1028 1362 1138 1447 374,9
1156 1361 1314 1447 Eyssenh.

169 1469 289 1534 ‘Habes
308 1467 451 1551 senilem,
468 1467 636 1552 Martiane,
654 1468 798 1534 fabulam
817 1467 954 1534 miscillo
971 1470 1050 1534 lusit
1064 1491 1162 1553 quam
1174 1470 1314 1535 lucernis

168 1576 297 1661 flamine
321 1573 437 1640 Satura
457 1575 520 1640 ...⁷

255 1680 341 1747 XIII.
367 1681 500 1758 Quintil.
523 1682 554 1746 X
575 1679 602 1766 l,
622 1683 664 1748 93
689 1684 810 1748 ‘satura
832 1683 961 1768 quidem
984 1687 1055 1748 tota
1076 1685 1187 1748 nostra
1209 1688 1260 1749 est
1282 1683 1315 1748 in

167 1812 231 1874 qua
251 1790 377 1873 primus
400 1789 560 1875 insignem
582 1789 711 1855 leudam
734 1791 869 1875 adeptus
892 1790 1057 1855 Lucilius?

255 1894 342 1960 XIV.
361 1895 534 1961 Diomedes
554 1893 581 1960 G
595 1895 621 1959 L
636 1894 652 1960 I
669 1919 699 1980 p.
714 1895 790 1981 485,
804 1896 893 1961 3οΚ
912 1895 1040 1962 ‘Satura
1055 1896 1174 1961 dicibur
1188 1918 1316 1964 carmen

167 2002 252 2087 apud
270 2002 434 2068 Romanos
457 2023 542 2067 nuno
566 2001 695 2087 quidem
714 2003 905 2068 maledicum
924 2007 957 2068 et
977 2004 1016 2068 ad
1035 2003 1194 2088 carpenda
1211 2003 1317 2068 homi-

43 2195 47 2201 „
166 2132 244 2173 num
276 2109 357 2175 uitia
389 2110 540 2174 archaeae
571 2109 753 2175 comoediae
782 2110 962 2175 charactere
990 2110 1192 2194 conpositum
1222 2111 1316 2194 quale

167 2217 364 2301 scripserunt
389 2216 534 2282 Lucilius
566 2221 599 2282 et
625 2217 780 2283 Horatius
813 2221 846 2282 et
872 2216 1008 2284 Persius.
1059 2217 1115 2283 sed
1146 2214 1189 2304 (et
1220 2215 1316 2304 codd)

167 2325 245 2390 olim
282 2346 410 2390 carmen
447 2325 533 2409 quod
570 2347 608 2390 ex
641 2325 740 2389 uariis
771 2325 976 2411 poematibus
1008 2325 1177 2390 constabat
1209 2328 1317 2390 satura

167 2431 344 2497 uocabatur
367 2431 460 2516 quale
484 2432 681 2516 scripserunt
703 2430 863 2496 Pacuuius
887 2436 919 2497 et
941 2431 1089 2496 Ennius?

255 2538 325 2604 XV.
349 2538 531 2625 Porphyrio
556 2540 596 2604 ad
618 2538 696 2603 Hor.
716 2561 808 2604 serm.
832 2537 848 2602 I
869 2538 919 2622 10,
938 2539 981 2602 46
1006 2539 1024 2601 ‘.
1041 2589 1047 2602 .
1063 2589 1071 2602 .
1089 2538 1167 2603 item
1189 2537 1315 2604 Ennius

168 2646 223 2729 qui
247 2650 399 2731 quattuor
421 2646 522 2712 libros
547 2649 726 2711 saturarum
749 2646 881 2730 reliquit
903 2649 936 2710 et
957 2644 1117 2710 Pacuuius
1137 2645 1200 2709 ...'
1422 2645 1424 2649 ’

255 2751 341 2818 XVI.
366 2752 499 2831 Quintil.
518 2753 549 2818 X
565 2754 593 2838 1,
608 2752 650 2818 95
676 2751 835 2818 ‘Alterum
859 2752 940 2818 illud
962 2753 1058 2818 etiam
1080 2752 1170 2835 prius
1189 2755 1316 2817 saturae
1366 2746 1382 2766 “

167 2881 281 2944 genus,
316 2861 373 2925 sed
403 2883 470 2926 non
502 2863 572 2926 sola
604 2860 780 2926 carminum
813 2861 969 2924 uarietate
1001 2858 1140 2924 mixtum
1174 2858 1318 2924 condidit

169 2966 338 3033 Terentius
361 2966 485 3034 Varro?

255 3073 359 3139 XVII.
381 3075 493 3140 Horat.
517 3098 609 3140 serm.
637 3074 653 3140 I
677 3076 733 3161 10,
757 3075 799 3140 64
837 3075 947 3140 ‘fuerit
982 3073 1139 3157 Lucilius,
1176 3074 1317 3157 inquam,

168 3183 269 3247 comis
294 3186 326 3247 et
348 3182 502 3248 urbanus:
526 3183 624 3249 fuerit
646 3183 789 3248 limatior
810 3182 895 3246 idem
914 3203 1010 3266 quam
1030 3181 1118 3245 rudis
1138 3184 1170 3244 et
1190 3177 1317 3244 Graecis

168 3290 281 3354 intacti
300 3290 451 3354 carminis
469 3293 581 3355 auctor
600 3311 760 3375 quamque
778 3291 947 3374 poetarum
967 3287 1129 3354 seniorum
1147 3285 1242 3351 turba
1262 3286 1317 3351 ...'

255 3395 374 3461 XVIII.
402 3395 514 3461 Horat.
539 3419 630 3463 serm.
659 3395 691 3460 H
716 3398 745 3480 1,
768 3397 810 3461 62
843 3395 955 3480 ‘quidl
989 3416 1074 3472 cum*
1094 3398 1144 3460 est
1175 3392 1317 3458 Lucilius

168 3525 264 3569 ausus
291 3503 415 3587 primus
438 3503 472 3566 in
495 3503 582 3569 hunc
605 3504 710 3588 operis
735 3523 915 3588 conponere
938 3503 1079 3567 carmina
1102 3523 1239 3584 morem,
1267 3500 1319 3565 de-

168 3611 294 3674 trahere
317 3613 350 3674 et
367 3609 494 3694 pellem,
517 3610 639 3676 nltidus
658 3633 722 3694 qua
740 3609 876 3694 quisque
894 3631 952 3694 per
971 3627 1027 3675 ora
1045 3608 1180 3693 cederet,
1204 3610 1319 3673 intror-

170 3738 241 3782 sum
264 3717 369 3799 turpis
390 3717 452 3779 ...³
1326 3761 1330 3769 .

257 3819 343 3885 XIX.
367 3820 478 3886 Horat.
503 3845 595 3889 serm.
622 3822 638 3888 I
664 3823 719 3909 10,
742 3822 785 3887 46
819 3823 893 3887 ‘hoc
926 3827 1006 3907 erat,
1038 3829 1169 3909 experto
1199 3824 1319 3888 frustra

169 3929 314 3994 Varrone
337 3926 475 3994 Atacino
502 3933 598 4014 atque
622 3930 813 4014 quibusdam
837 3930 909 3995 aliis
933 3931 1047 3996 melius
1071 3931 1158 4014 quod
1181 3929 1318 3995 scribere

168 4059 310 4122 possem,
346 4037 513 4101 inuentors
551 4037 669 4102 minor:
705 4058 809 4122 neque
841 4058 901 4123 ego
934 4037 984 4102 illi
1016 4037 1182 4101 detrahere
1214 4036 1318 4100 ausim

168 4145 352 4210 haerentem
376 4144 474 4228 capiti
497 4165 570 4209 cum
595 4145 697 4209 multa
719 4143 813 4208 laude
836 4143 1008 4209 coronam.5

257 4253 326 4317 XX.
351 4251 494 4316 Lucilius
526 4251 581 4317 lib.
605 4251 698 4316 XXX
727 4275 757 4316 u.
783 4251 869 4317 1039
907 4251 1009 4316 ‘cuius
1041 4249 1136 4315 uultu
1168 4271 1205 4315 ac
1236 4249 1319 4315 facie

169 4360 245 4425 ludo
275 4383 313 4427 ac
341 4359 540 4424 sermonibus
564 4360 683 4424 nostris
706 4360 843 4446 uirginis
866 4359 929 4423 hoo
951 4359 1090 4441 pretium
1114 4360 1211 4441 atque
1233 4356 1319 4424 hunc

168 4466 378 4533 reddebamus
402 4466 580 4533 honorem':
602 4466 659 4532 ubi
683 4465 761 4532 conf
782 4465 1055 4533 commentarium.
