3052 5024
581 312 858 364 PROLEGOMENA.
1233 310 1293 364 LIH

145 477 249 560 pisces
280 477 488 541 nominantur
516 474 601 560 apud
629 470 803 539 Lucilium:
836 473 927 538 cuius
956 496 1070 558 operae
1102 470 1187 559 apud
1214 472 1291 538 Var-

144 605 256 648 ronem
280 582 300 646 l.
316 605 339 646 s.
354 580 417 648 VH
431 582 473 646 41
498 581 637 667 uestigia
660 585 815 666 apparent
837 581 928 645 haec:

234 686 344 774 ‘Apud
366 689 528 754 Lucilium
552 685 676 773 (incert.
694 711 724 751 u.
744 685 837 774 938);

307 795 417 880 “quod
440 795 564 880 thynno
588 798 683 880 capto
707 793 836 860 cobium
860 795 1034 860 excludunt
1056 793 1167 859 foras’'

145 906 178 967 et
201 901 270 988 (lib.
288 901 304 968 I
323 927 353 968 u.
373 900 430 988 54)

305 1009 489 1095 “occidunt,
511 1010 611 1094 Lupe,
639 1008 791 1093 saperdae
814 1013 846 1073 te
869 1012 901 1072 et
924 1009 994 1073 iura
1017 1008 1131 1072 siluri''

145 1120 178 1180 et
201 1114 323 1202 (insert.
342 1140 371 1180 u.
394 1115 493 1203 1304)

306 1223 456 1289 “sumere
478 1228 511 1289 te
535 1228 631 1308 atque
654 1223 785 1288 amian''

144 1330 281 1416 piscium
305 1331 436 1396 nomina
460 1335 534 1396 sunt
557 1352 731 1415 eorumque
755 1330 789 1395 in
813 1329 944 1396 Graecia
967 1326 1091 1416 orig0.'’

234 1437 389 1503 Eiusdem
412 1439 538 1524 generis
562 1438 741 1524 glossarum
765 1436 851 1522 apud
869 1436 1001 1501 Festum
1024 1437 1102 1501 haec
1127 1437 1292 1522 leguntur:

304 1544 393 1610 Paul.
417 1568 447 1630 p.
468 1544 508 1610 21
535 1545 653 1611 ‘amian
676 1566 777 1632 genus
800 1543 919 1628 piscis?

417 1675 448 1737 p.
467 1653 510 1716 22
534 1653 710 1736 ‘acipenser
732 1673 832 1738 genus
855 1650 974 1736 piscis?

531 1759 626 1844 ‘apua
649 1781 749 1846 genus
772 1757 900 1822 minimi
922 1758 1091 1842 pisciculi'

414 1889 444 1950 p.
465 1865 513 1930 75
531 1865 619 1930 ‘diox
642 1887 743 1951 genus
766 1865 865 1950 piscis
889 1863 1039 1948 frequens
1062 1865 1097 1928 in
1115 1863 1241 1929 Ponto.’

233 1970 317 2036 Fest.
345 1995 375 2057 p.
396 1972 460 2036 322
485 1972 608 2059 ‘sargus
631 1973 730 2057 piscis
759 1992 860 2057 genus
888 1971 944 2055 qui
968 1971 1001 2034 in
1023 1969 1187 2056 Aegyptio
1211 1973 1292 2036 mari

143 2076 209 2143 fere
223 2080 374 2144 nascitur.
401 2078 557 2144 Lucilius:
573 2077 886 2164 “quampraeclarus
898 2077 1021 2163 helops,
1037 2099 1131 2162 quem
1141 2076 1292 2164 Aegypto

58 2200 61 2205 “
144 2207 257 2272 sargus
280 2184 449 2250 monebit''
472 2183 597 2272 (incert.
616 2209 646 2249 u.
669 2183 789 2272 1276)st

313 2332 316 2337 >
357 2316 387 2377 p.
408 2291 472 2357 325
497 2292 641 2377 ‘saperda
665 2314 765 2378 genus
788 2286 920 2378 pessimi
943 2291 1052 2377 piscis'

143 2399 209 2464 Vbi
232 2422 272 2463 ex
295 2401 478 2465 accusatiuo
508 2400 620 2465 1111111111
648 2403 780 2485 apparet
802 2399 919 2464 Lucilii
946 2418 1074 2463 uersum
1103 2400 1194 2464 illum
1223 2423 1292 2485 spe·

94 2570 96 2573 .
144 2508 234 2593 ctari,
257 2507 446 2592 praesertim
470 2529 544 2572 cum
568 2505 645 2570 alibi
669 2528 828 2591 nusquam
852 2528 892 2570 ne
916 2506 950 2570 in
973 2506 1138 2592 glossariis
1161 2508 1291 2590 quidem

143 2617 232 2681 11111111
259 2614 454 2680 uocabulum
482 2614 678 2679 inueniatur:
710 2614 794 2678 unde
827 2612 866 2676 ad
898 2612 1119 2677 hexametrum
1152 2614 1293 2694 9991111111

143 2725 286 2807 spectare
314 2721 449 2803 saperda
476 2719 616 2806 glossam
647 2720 732 2804 apud
747 2717 890 2784 Festum
918 2718 1085 2805 probabile
1114 2742 1182 2785 esse
1210 2719 1291 2784 arbi-

143 2829 307 2894 trabimur.
354 2827 524 2910 Accpcascr
550 2828 718 2912 praeconis
747 2825 886 2891 Gallonii
918 2826 1114 2892 clarissimus
1147 2827 1291 2892 omnium

143 2940 210 3001 crat
234 2937 268 2999 in
280 2935 407 3002 ,litteris
425 2933 550 2999 Latinis
570 2931 658 3021 (uide
677 2935 718 2999 ad
736 2935 846 3000 incert.
866 2931 1023 3021 111240),
1042 2933 1080 2999 de
1098 2955 1189 3019 serpo
1208 2933 1292 3000 unde

143 3048 292 3128 sumptus
315 3043 371 3126 eit,
399 3045 537 3121 constat,
566 3041 604 3105 de
632 3063 718 3125 apuu
741 3044 773 3105 et
796 3042 870 3106 dioc
892 3041 1073 3127 glossarum
1097 3042 1221 3128 origine
1245 3045 1293 3107 est

144 3149 230 3234 quod
254 3149 389 3214 dubites.
437 3146 669 3213 Grammaticus
691 3149 791 3234 igitur
809 3147 872 3233 ille,
896 3170 991 3232 quern
1011 3147 1158 3213 adhibuit
1177 3147 1291 3232 Varro,
1304 3155 1505 3250 ffivngcgd·

142 3257 326 3343 peragrauit
354 3259 459 3321 totum
487 3277 603 3341 corpus
632 3259 810 3320 saturarum
833 3253 951 3347 Lucilii
978 3277 1015 3319 ea
1041 3254 1180 3320 editione
1204 3276 1290 3339 usus,
1304 3221 1372 3355 {apa
1385 3220 1505 3356 ‘QZ

143 3385 224 3448 quae
255 3362 388 3428 celebris
416 3362 473 3427 illo
501 3366 645 3447 tempore
673 3366 740 3427 orat
767 3366 799 3427 91
826 3363 964 3447 piscium
991 3362 1123 3426 nomina
1151 3362 1289 3448 collegit.
1303 3327 1491 3420 1111111194-

143 3466 246 3535 Sicuti
277 3468 395 3536 Naeuii
428 3471 620 3556 scriptorum
647 3470 828 3535 ‘editionem
864 3471 948 3534 iusto
987 3469 1098 3533 ordine
1134 3468 1291 3534 librorum
1319 3424 1370 3463 aum
1383 3426 1478 3472 mim

143 3581 270 3642 seruato
294 3575 328 3641 in
350 3576 462 3642 eodem
485 3577 569 3642 libro
589 3574 651 3641 VH
674 3577 750 3642 licet
774 3597 947 3662 agnoscere
972 3575 1155 3659 107-108,
1182 3575 1292 3641 Plauti

143 3683 317 3748 editionem
336 3683 477 3769 ccl-70,
501 3685 547 3749 ita
564 3682 683 3749 Lucilii
706 3683 857 3748 editionis
876 3683 1144 3767 compositionem
1164 3705 1201 3747 eo
1220 3682 1292 3748 loco

143 3811 297 3877 agnoscas
331 3812 426 3875 quem
458 3812 555 3876 supra
587 3790 781 3875 scripsimus.
828 3789 921 3854 Vnde
953 3794 1086 3875 apparet
1118 3789 1292 3856 secundum

142 3897 297 3981 temporis
321 3897 464 3962 ordinem
487 3898 523 3962 in
545 3898 601 3962 illa
624 3897 764 3962 editione
788 3898 929 3963 carmina
947 3896 1064 3962 Lucilii
1086 3897 1186 3962 fuisse
1207 3919 1293 3963 ccm-

142 4006 262 4089 posita:
283 4004 516 4090 praecedebant
534 4005 707 4091 septenarii
725 4005 880 4080 trochaici
899 4008 931 4070 91
950 4004 1049 4070 iambi
1070 4026 1206 4088 quorum
1225 4008 1292 4069 erat

143 4134 254 4179 uersus
281 4113 419 4197 primus,
448 4112 641 4196 sequebatur
667 4111 749 4176 liber
765 4110 791 4197 Ι,
818 4113 902 4177 unde
930 4116 1077 4198 sumptus
1106 4115 1154 4177 est
1181 4133 1319 4204 uersus*

142 4220 296 4299 occidant,
327 4240 455 4283 uersum
479 4219 616 4303 denique
640 4217 774 4285 ‘mmm
796 4225 825 4285 te
847 4225 937 4304 atque
959 4219 1087 4285 amiua’
1114 4220 1292 4284 statuemus

142 4325 241 4392 fuisse
264 4326 422 4391 librorum
440 4324 587 4409 I—XXI,
610 4348 706 4410 quam
731 4331 909 4392 saturarum
932 4327 1105 4391 editionem
1129 4324 1291 4390 aLucilio

144 4435 214 4519 ipso
251 4432 369 4499 factam
407 4438 637 4500 commemorat
673 4432 776 4500 Varro
808 4433 828 4498 l.
853 4456 875 4502 s.
900 4455 922 4498 s.
942 4432 973 4497 V
994 4432 1033 4497 17
1072 4429 1160 4521 (uide
1198 4455 1293 4521 supra
