3082 5018
566 351 655 405 XXIX
674 368 698 406 a.
714 351 775 406 chr.
793 357 941 407 132-123.

182 514 425 598 <praeclarum
449 515 556 580 cuium
579 515 714 580 uiderim
739 516 774 579 in
796 515 862 580 uit'a
885 538 959 580 meu

183 623 367 709 epiteugma
390 622 464 688 belli
486 623 583 709 longe
606 645 704 708 opera
727 627 802 687 ante
824 622 888 686 alia
911 623 1020 688 omnia

182 805 215 866 et
237 801 366 865 amabat
389 823 507 866 omnes.
531 824 606 866 nam
630 806 667 866 ut
690 801 862 866 discrimen
884 824 950 866 non
973 802 1051 867 facit

182 931 285 993 neque
309 908 415 995 signat
438 909 523 974 linea
546 909 619 974 alba

182 1089 230 1152 sic
253 1085 401 1152 Socrates
425 1088 458 1152 in
483 1109 591 1152 amore
615 1091 646 1152 et
670 1087 703 1151 in
727 1086 977 1152 adulescentulis

182 1195 315 1260 meliore
338 1194 435 1280 paulo
459 1195 554 1260 facie:
578 1194 686 1281 signat
709 1193 756 1259 nit
778 1216 874 1278 quem
896 1201 986 1260 amet.

182 1374 281 1458 quid?
305 1374 328 1459 †
352 1396 431 1458 quas
455 1373 591 1458 partiret
615 1372 684 1457 ipse
707 1395 767 1459 pro
791 1372 938 1438 doctrina
960 1374 1047 1456 boni,

181 1553 268 1637 quod
291 1556 324 1618 te
347 1552 433 1616 intro
457 1552 540 1636 misi,
564 1553 702 1638 gratiam
725 1552 844 1617 referat
867 1552 955 1617 mihi.
1019 1524 1033 1559 ᾗ

180 1768 198 1796 υ
212 1789 227 1796 -
243 1768 261 1796 υ
275 1789 291 1796 -
305 1767 324 1796 υ
343 1730 415 1816 quis
439 1734 475 1796 tu
497 1729 596 1795 horno
620 1732 676 1795 es?
699 1754 794 1797 nemo
818 1754 889 1796 sum
912 1731 1019 1796 homo.

181 1910 309 1996 pluteos
333 1933 372 1974 ex
394 1909 494 1976 scutis
516 1913 665 1994 tectaque
688 1913 720 1974 et
743 1910 921 1975 testudines

181 2017 300 2102 reddet,

180 2164 272 2227 uecte
296 2164 393 2245 atque
416 2161 550 2245 ancipiti
573 2161 659 2225 ferro
683 2161 852 2248 effringam
876 2161 1030 2226 cardines.

180 2362 275 2405 nemo
297 2339 358 2404 hos
383 2340 539 2425 ancipites
562 2340 648 2404 ferro
672 2339 822 2426 effringat
846 2339 998 2404 cardines.

178 2556 197 2584 υ
211 2577 227 2584 -
241 2556 260 2584 υ
274 2576 289 2583 -
308 2519 368 2582 has
391 2541 407 2583 e
428 2517 579 2583 fenestris
604 2517 637 2581 in
660 2521 758 2603 caput

170 2625 331 2710 deiciunt,
355 2628 411 2710 qui
425 2642 530 2710 'prope
554 2625 594 2689 ad
617 2625 737 2690 ostium
761 2625 984 2711 aspirauerint.

180 2805 275 2870 caede
299 2805 428 2888 ostium,
453 2802 567 2888 Gnate,
590 2825 700 2890 usgue.
739 2805 881 2869 ‘restant
919 2805 1095 2889 periimus?

251 3034 403 3090 830-833
422 3034 494 3088 Plat.
510 3033 650 3088 Charmid.
665 3053 691 3104 p.
709 3034 797 3088 154ss
816 3034 938 3105 ἀτεχνῶς
962 3033 1014 3104 γὰρ
1038 3034 1120 3104 &vuit
1144 3033 1255 3104 στάθμη
1276 3035 1332 3103 εἰμὶ

178 3116 250 3184 πρὸς
266 3116 333 3178 τοὺς
351 3115 460 3178 καλούς.
508 3114 565 3170 833
584 3114 727 3186 Aristoph.
742 3116 826 3186 Vesp.
844 3121 894 3170 184
908 3111 951 3178 τίς
966 3110 993 3169 εἷ
1004 3112 1075 3183 ποτ’,
1090 3110 1222 3183 ὦνθρωπ’
1239 3114 1330 3182 ἐτεόν,

180 3202 209 3264 tt
234 3196 319 3261 otus
336 3196 371 3266 νὴ
391 3193 456 3252 Δία,
487 3267 490 3271 ’

250 3376 307 3431 828
330 3376 401 3431 Non.
417 3395 444 3446 p.
460 3381 525 3443 339,
555 3381 588 3429 14
665 3375 771 3448 cuium]
796 3375 842 3429 eui
865 3393 884 3428 u
961 3375 1080 3429 uiderim
1104 3377 1279 3439 Dueutrerus
1301 3376 1331 3430 bi

178 3457 268 3511 derim
348 3455 379 3510 in
401 3456 463 3510 uita
485 3472 549 3510 mea
574 3456 777 3528 Quicherattus]
805 3456 899 3510 inutia
921 3472 1002 3512 meae
1083 3455 1140 3510 823
1169 3456 1331 3527 epiteugma

178 3538 292 3609 Iunius]
312 3536 455 3608 epitegma
517 3536 597 3607 belli]
618 3537 742 3607 apepelli
760 3537 830 3592 codd
847 3535 942 3607 Apelli
963 3537 1126 3593 Gerlaettus
1181 3536 1239 3592 833
1257 3537 1329 3591 Non.

178 3635 204 3686 p.
221 3621 282 3684 282,
301 3623 343 3670 23.
364 3622 425 3683 403,
445 3623 477 3671 16
551 3619 867 3672 amauatLur.1282
941 3617 1168 3671 Sutunurca
1241 3619 1331 3674 addus

178 3697 207 3750 in
227 3696 291 3751 albo
310 3713 448 3752 marmore
507 3696 564 3752 832
583 3696 655 3752 Non.
670 3715 698 3767 p.
713 3702 774 3765 403,
795 3702 826 3750 11
890 3697 930 3751 sie
950 3698 976 3752 G
995 3696 1019 3751 si
1038 3699 1065 3752 L
1119 3698 1177 3753 833
1190 3697 1233 3752 nil
1246 3715 1330 3768 quem

178 3778 266 3849 amet]
284 3776 412 3846 nihilque
436 3780 545 3832 amaret
617 3775 674 3832 834
697 3777 768 3831 Non.
784 3795 811 3846 p.
827 3783 892 3844 472,
918 3783 949 3831 11
1023 3780 1126 3833 eorueet
1149 3779 1236 3848 quid?
1260 3796 1330 3847 quas

177 3856 298 3926 partiret
315 3857 377 3926 ipse
395 3856 538 3912 doctrinas
557 3874 645 3912 nenas
709 3857 766 3912 833
786 3857 857 3912 Non.
872 3877 899 3927 p.
916 3863 1012 3926 332,3
1071 3858 1177 3913 referas
1191 3861 1215 3913 I.
1231 3861 1330 3914 Dcusu

172 3936 235 3991 ,833
255 3936 360 3992 Charis.
377 3936 450 3991 GLI
467 3955 494 4007 p.
511 3941 558 4005 93,
579 3942 611 3991 13
625 3937 651 3991 Κ
722 3937 779 3992 837
804 3937 875 3992 Non.
891 3957 917 4008 p.
934 3943 999 4007 381,
1024 3945 1037 3992 7
1112 3933 1146 3994 er
1165 3939 1264 4011 scutis]
1284 3955 1329 3993 ex·

178 4018 250 4072 cutit
277 4018 346 4072 cedet
373 4017 497 4072 excutiet
524 4019 722 4074 Lachmauuus
749 4019 870 4073 excudat
899 4020 1092 4090 Qua'elterattus
1171 4018 1229 4073 833
1257 4018 1328 4072 Non.

177 4117 203 4167 p.
220 4104 285 4166 243,
307 4103 339 4152 18
412 4096 471 4152 840
493 4098 565 4152 Non.
579 4117 606 4168 p.
623 4105 688 4165 243,
716 4105 749 4153 10
822 4099 941 4169 ancipiti
964 4101 1109 4155 Beutleius
1180 4097 1236 4153 841
1257 4098 1328 4152 Non.

176 4186 203 4248 ρ’.
219 4184 285 4244 288,
309 4184 344 4232 30
367 4180 415 4248 qut
437 4179 510 4246 falso
533 4179 602 4234 libro
625 4179 728 4234 XXVH
745 4181 856 4248 tribuit,
880 4179 995 4235 XXVIII
1019 4181 1172 4234 Muellerus
1197 4180 1229 4232 iu
1253 4179 1329 4239 editt,

176 4259 305 4314 XXVIIII
323 4261 355 4314 iu
372 4260 565 4315 coruueuturto
637 4260 782 4332 eAtdua]
801 4263 830 4315 et
893 4259 1032 4315 -fenestris
1056 4262 1082 4315 L
1100 4264 1169 4314 uu
1191 4259 1329 4314 fenestras

176 4341 275 4395 Lm.1
292 4341 318 4395 G
372 4338 429 4395 842
447 4339 574 4394 deiciunt
587 4341 651 4409 Le,
671 4340 792 4395 deiciam
810 4341 864 4398 alii
882 4341 952 4396 coda
1005 4339 1130 4394 hostium
1184 4336 1241 4393 843
1256 4339 1327 4394 Non.

175 4438 203 4489 p.
219 4426 332 4489 272,11.
353 4426 413 4490 417,
424 4426 458 4475 32
473 4422 522 4475 ubi
537 4422 581 4476 lit.
592 4421 708 4475 XXVIII
722 4423 791 4477 codd
826 4421 951 4476 hostium
966 4426 1017 4475 272
1054 4423 1136 4491 grato
1151 4425 1202 4472 272
1239 4438 1328 4491 urgue

176 4502 203 4556 L
216 4506 283 4556 m.1
302 4507 354 4556 272
382 4519 452 4574 urge
470 4503 520 4558 rell
538 4507 590 4556 272
653 4518 684 4565 re
711 4503 796 4557 istam
824 4507 875 4556 272
942 4501 1065 4572 perimus
1091 4500 1244 4572 utrobs'que.
1259 4501 1329 4558 contet
