3052 5024
596 285 876 337 PROLEGOMENA.
1199 284 1311 338 LXXXI

159 447 379 511 inueniuntur.
424 445 512 528 quod
540 445 669 528 quidem
698 467 892 530 quamquam
923 447 1066 511 numeris
1094 447 1231 532 appietis
1260 448 1312 512 de-

160 556 339 618 monstrare
367 553 401 616 in
434 552 583 617 omnibus
611 553 778 619 ordinibus
810 553 993 637 nequimus,
1022 554 1098 618 licet
1125 557 1233 618 tamen
1261 577 1311 618 su·

160 659 277 744 spicari
310 659 442 724 eandem
475 658 621 747 exempla
654 660 826 744 quaerendi
855 661 1013 725 rationem
1041 662 1075 725 in
1109 660 1154 724 eis
1183 648 1311 745 quoque

159 765 252 831 libris
286 765 422 830 citandis
448 764 637 830 Marcellum
665 766 862 852 adhibuisse,
896 767 951 851 qui
978 771 1160 852 temporum
1188 768 1311 832 inuidia

159 872 200 936 ad
227 876 369 937 nostram
397 873 585 938 memoriam
614 894 681 937 non
707 877 931 957 peruenerunt,
978 895 1073 957 quam
1103 874 1233 958 quidem
1260 896 1311 939 su-

160 979 336 1064 spicionem
368 1002 406 1044 ea
437 979 644 1064 potissimum
673 1003 707 1044 re
735 981 917 1044 confirmari
945 980 1096 1065 arbitror,
1128 981 1215 1065 quod
1242 981 1311 1046 ubi-

159 1108 297 1171 cumque
327 1090 438 1151 extant
465 1087 593 1151 ordines
622 1090 803 1151 saturarum
826 1086 1098 1152 Varronianarum
1126 1087 1195 1151 siue
1217 1086 1311 1171 Attii,

158 1192 343 1278 Pomponii,
384 1191 511 1257 Afranii
548 1193 744 1278 fabularum,
785 1194 926 1258 eiusdem
968 1195 1036 1258 siue
1078 1198 1204 1258 saturae
1242 1195 1310 1258 siue

158 1299 286 1365 fabulae
317 1299 504 1365 testimonia
540 1321 666 1385 semper
701 1301 795 1365 uideo
833 1300 924 1366 iuxta
956 1302 1113 1366 collocata
1143 1301 1234 1366 uelut

158 1430 188 1492 p.
203 1404 257 1492 45,
271 1407 314 1471 32
413 1405 503 1471 Idem
527 1428 604 1472 uero
628 1407 715 1472 cadit
738 1408 807 1472 sine
830 1408 928 1473 dubio
952 1409 986 1471 in
1011 1408 1138 1472 ordines
1162 1429 1231 1492 eos,
1255 1409 1310 1492 qui

158 1513 353 1579 testimoniis
386 1513 586 1599 depromptis
627 1536 781 1597 eprosae
814 1515 968 1580 orationis
1001 1515 1211 1600 scriptoribus
1230 1515 1311 1579 ‘effi-

158 1621 300 1705 ciuntur,
329 1624 380 1705 ut,
406 1621 603 1705 ubicumque
630 1642 670 1686 ex
698 1623 809 1687 eodem
832 1621 915 1686 libro
940 1622 1128 1687 adferuntur
1156 1621 1311 1706 exempla,

159 1750 196 1793 ea
224 1727 335 1793 eodem
365 1728 477 1793 ordine
500 1749 568 1792 sese
592 1728 767 1812 excipiant,
795 1751 858 1812 quo
883 1729 968 1813 apud
991 1730 1098 1814 ipsum
1121 1730 1311 1814 scriptorem

158 1834 296 1917 fuerunt.
352 1855 456 1916 neque
489 1834 574 1899 enim
607 1834 720 1901 dubito
750 1836 830 1919 quin
854 1857 878 1900 e.
903 1857 932 1922 g.
960 1836 995 1900 in
1021 1837 1114 1901 breui
1146 1835 1202 1900 illa
1230 1836 1311 1899 seris

159 1939 204 2026 (p.
225 1939 297 2024 141,
311 1941 354 2005 22
375 1944 436 2023 ...i
458 1940 679 2025 exemplorum
699 1939 962 2007 Sisennianorum
981 1943 1093 2007 eodem
1113 1943 1223 2007 ordine
1242 1963 1311 2007 sese

159 2048 321 2132 excipiant
343 2048 537 2133 testimonia,
561 2070 623 2132 quo
648 2048 682 2112 in
701 2047 854 2114 Sisennae
876 2048 960 2113 libro
984 2049 1190 2114 historiarum
1214 2050 1310 2113 tertio

158 2153 367 2240 legebantur’.

247 2261 356 2347 Atque
384 2261 423 2326 de
452 2261 602 2327 omnibus
631 2263 842 2347 scriptoribus
871 2284 952 2347 quos
979 2262 1080 2329 Nonii
1110 2286 1226 2348 operae
1259 2286 1311 2329 ex-

160 2374 344 2455 cerpserunt
367 2390 462 2455 agere
485 2391 592 2434 meum
615 2391 682 2435 non
705 2373 766 2434 est:
794 2392 853 2434 nos
881 2371 1106 2435 tantummodo
1130 2372 1169 2436 de
1192 2371 1310 2436 Lucilii

63 2482 64 2485 ’
159 2476 304 2561 reliquiis
331 2499 391 2561 par
419 2480 467 2540 est
496 2477 688 2541 sententiam
715 2476 807 2541 ferre.
854 2475 924 2554 Qus
951 2479 1043 2541 inre
1067 2477 1237 2542 oblocutus
1261 2483 1311 2544 est

132 2584 270 2648 ‹statim
299 2582 333 2648 in
360 2583 560 2668 praefatione
587 2583 705 2648 Lucilii
732 2607 763 2668 p.
782 2581 860 2648 XIX
875 2605 939 2669 seq.
984 2582 1146 2649 Lucianus
1174 2584 1311 2650 Mueller

160 2689 209 2754 iili
238 2712 334 2774 quam
362 2690 459 2755 modo
488 2688 686 2755 Schmidtius
709 2689 730 2754 l.
749 2711 773 2754 s.
793 2712 817 2754 s.
840 2686 1020 2775 protulerat
1051 2691 1227 2756 sententiae
1258 2692 1309 2756 his

158 2797 278 2862 uerbis:
302 2795 414 2861 ‘Fuere
433 2819 536 2881 nuper
555 2799 610 2880 qui
630 2797 834 2862 adfirmarent
853 2818 947 2882 saepe
965 2798 999 2862 in
1017 2796 1205 2863 lemmatum
1224 2798 1310 2883 prin-

159 2903 318 2988 cipalibus
348 2903 504 2988 exemplis
537 2925 576 2967 ex
608 2903 719 2969 eodem
752 2904 862 2989 petitis
895 2909 1038 2988 auctore,
1069 2904 1126 2968 ubi
1156 2906 1309 2971 continuo

159 3011 270 3075 ordine
293 3015 349 3075 aut
371 3033 473 3095 paruo
497 3010 669 3075 interuallo
694 3034 727 3076 se
747 3015 929 3095 sequantur,
953 3011 1113 3076 interdum
1133 3013 1230 3076 etiam
1249 3013 1309 3077 hac

159 3117 347 3182 condicione
366 3122 402 3182 ut
421 3139 496 3183 casu
515 3117 624 3200 aliquo
643 3140 683 3182 ex
700 3118 806 3203 primo
825 3120 898 3184 loco
918 3119 982 3182 sint
997 3118 1102 3183 delata
1115 3119 1149 3182 in
1164 3119 1309 3202 alterum,

158 3223 303 3289 Nonium
326 3226 418 3307 sequi
441 3247 514 3289 eum
538 3224 683 3289 ordinem
707 3226 910 3310 scriptorum,
936 3227 992 3309 qui
1015 3226 1049 3290 in
1072 3225 1309 3310 exemplaribus

159 3352 269 3396 eorum
293 3332 371 3396 olim
394 3332 499 3397 fixerit.
546 3353 628 3415 quae
651 3332 834 3396 obseruatio
857 3337 894 3396 ut
917 3354 957 3396 ex
979 3354 1096 3418 magna
1114 3337 1204 3417 parte
1223 3333 1309 3397 haud

159 3438 257 3502 dubia
275 3459 335 3504 nec
352 3438 469 3504 inscita
486 3461 590 3523 neque
608 3439 742 3522 inutilis,
765 3444 874 3504 tamen
891 3462 957 3504 non
973 3439 1019 3503 ita
1033 3438 1171 3503 multum
1185 3439 1310 3523 profuit

158 3544 251 3609 nobis
266 3544 306 3607 ad
318 3544 510 3631 legitimum,
528 3546 585 3628 qui
604 3546 681 3611 olim
697 3545 838 3630 optinuit
852 3546 937 3631 apud
951 3545 1120 3630 Lucilium,
1134 3546 1307 3611 uerborum

160 3652 304 3716 ordinem
323 3652 584 3736 recuperandum.
621 3675 696 3717 nam
716 3657 753 3717 ut
771 3654 918 3718 omittam
937 3653 977 3717 ad
994 3657 1090 3738 caput
1103 3657 1253 3736 quartum

160 3757 301 3822 simodo
322 3760 462 3843 omnino,
486 3758 589 3824 multo
610 3763 694 3825 certe
713 3761 818 3825 minus
838 3761 998 3845 pertinere
1016 3761 1102 3824 hunc
1120 3761 1308 3825 lemmatum

158 3864 386 3949 principalium
409 3889 518 3950 usum,
544 3888 611 3931 non
638 3888 764 3951 semper
788 3867 897 3932 stricte
920 3888 1066 3931 normam
1090 3889 1187 3951 quam
1211 3890 1309 3951 supra

159 3971 226 4036 dixi
249 3971 412 4037 obseruari
436 3973 575 4038 maxime
598 3977 731 4058 apparet
754 3996 793 4038 ex
816 3972 1011 4060 Vergilianis
1035 3973 1201 4058 exemplis,
1227 3995 1308 4055 quae

159 4078 245 4143 haud
267 4101 338 4144 raro
362 4078 426 4144 alio
449 4102 581 4165 prorsus
605 4103 701 4165 quam
726 4103 821 4165 quem
844 4081 940 4146 modo
965 4080 1104 4144 indicaui
1130 4078 1308 4164 procedunt

24 4180 28 4188 ’
159 4186 328 4252 ordine
350 4191 514 4271 praeterea
532 4187 610 4271 quid
627 4187 798 4271 lucramur,
817 4192 854 4252 ut
872 4191 997 4252 constet
1016 4191 1102 4252 certo
1121 4186 1181 4250 hos
1195 4207 1307 4250 uersus

158 4293 212 4357 uel
243 4292 317 4359 illos
345 4294 379 4358 iu
408 4295 568 4360 continuis
596 4296 713 4360 saturis
741 4296 795 4359 uel
822 4295 900 4359 adeo
929 4296 963 4358 in
991 4293 1100 4357 eadem
1129 4292 1306 4375 antiquitus

158 4399 258 4466 finisse
276 4403 409 4485 positos,
428 4423 500 4465 oum
519 4404 674 4466 nennius
693 4402 822 4485 quidem
842 4402 992 4466 carminis
1007 4399 1151 4464 ordinem
1165 4400 1307 4482 priscum

211 4515 298 4555 Lucilii
308 4516 356 4555 rell.
372 4516 406 4554 ed.
421 4515 504 4554 Marx.
713 4503 716 4507 ¹
1082 4502 1096 4554 f
