3052 5024
574 319 854 371 PROLEGOMEIVA.
1181 317 1294 372 LXXIX

147 480 252 564 operis
280 479 388 545 minus
415 484 502 545 recte
528 479 672 544 iudicent
698 479 807 546 Nonio
834 481 898 564 ipsi
926 503 963 545 ea
989 480 1181 566 tribuentes,
1214 504 1294 566 quae

146 591 255 671 aperte
280 591 371 651 erant
393 588 629 672 mancipiorum
653 608 750 671 opera
773 588 891 653 collata
914 592 946 652 et
968 588 1100 674 digesta.
1144 587 1294 653 Habebat

143 693 241 758 homo
269 693 437 778 praediues
465 716 576 760 seruos
605 694 779 760 nonnullos
810 695 983 778 h'tteratos,
1016 695 1133 780 quibus
1166 694 1294 782 singula

144 802 338 885 ecrIptorum
362 822 460 886 opera
483 800 692 886 dispertiebat
716 802 921 887 excerpenda,
945 823 1081 887 quorum
1105 801 1228 888 ingenii
1246 803 1293 866 in·

144 906 251 973 dolem
279 908 438 973 diuersam
466 909 560 974 facile
589 931 628 973 ex
656 930 752 993 opere
780 908 852 993 ipso
880 909 957 974 licet
984 910 1167 974 etiamnunc
1197 929 1293 994 agno-

144 1035 239 1080 scere.
284 1012 344 1079 IIle
368 1014 424 1100 qui
449 1014 588 1080 Gellium
611 1016 763 1080 tractauit
788 1015 950 1099 quomodo
979 1015 1162 1081 adhibuerit
1189 1037 1293 1102 gram-

143 1123 311 1207 maticum,
339 1120 492 1187 facillime
520 1122 664 1186 omnium
693 1143 730 1187 ea
756 1143 792 1185 re
819 1120 1024 1206 perspicitur,
1055 1123 1142 1206 quod
1170 1119 1291 1187 Gellius

144 1228 230 1294 solus
251 1232 300 1295 est
318 1231 479 1312 superstes
498 1249 609 1293 eorum
626 1228 910 1314 grammaticorum
926 1250 1062 1311 quorum
1076 1228 1177 1294 h'bros
1190 1227 1292 1294 Nonii

144 1356 258 1420 operae
277 1335 500 1420 compilarunt.
537 1334 674 1400 Tumida
692 1334 872 1401 elocutione
891 1357 968 1400 usus
985 1336 1099 1400 lectori
1112 1335 1292 1421 fragmenta

144 1441 289 1507 Galliena
312 1443 464 1527 propinat
487 1463 592 1527 neque
615 1446 724 1507 tamen
746 1441 844 1506 homo
868 1441 956 1507 rudis
979 1446 1036 1506 aut
1062 1441 1209 1527 stupidus
1235 1443 1291 1508 ille

142 1553 224 1632 erat,
250 1572 324 1614 cum
350 1550 494 1635 potuerit
521 1570 638 1634 augere
665 1549 722 1615 illa
749 1552 897 1633 excerpta
921 1547 1049 1614 Graecis
1077 1549 1224 1614 uersibus
1252 1570 1291 1613 ex

141 1654 277 1721 Homeri
300 1655 495 1721 carminibus
518 1656 629 1740 petItis
651 1654 909 1743 p.50,10seqq.
946 1653 1014 1719 Alii
1037 1676 1130 1721 seruo
1154 1656 1291 1721 tradide-

142 1767 193 1827 rat
215 1763 365 1828 dominus
390 1760 552 1828 Ciceronis
576 1761 677 1827 libros
702 1766 862 1827 oratorem
885 1761 924 1826 de
948 1766 1075 1827 oratore
1098 1761 1146 1826 III
1171 1761 1291 1828 Acade-

142 1869 299 1936 micorum
318 1869 366 1934 IV
389 1868 644 1934 Tusculanarum
663 1868 703 1953 V,
727 1868 783 1932 alii
805 1868 907 1933 libros
931 1869 970 1935 de
993 1868 1110 1933 officiis
1129 1866 1186 1955 lIl,
1208 1869 1291 1935 Hor-

142 1977 281 2041 tensium
309 1976 349 2040 de
377 1980 540 2042 senectute
568 1976 607 2040 de
634 1975 812 2061 republica:
842 1975 897 2040 hic
924 1980 1073 2060 excerpta
1101 1998 1159 2040 sua
1186 1976 1291 2042 uoluit

142 2083 248 2147 ornari
271 2083 402 2149 nomine
420 2084 470 2148 M.
486 2083 620 2168 Tullius,
643 2082 699 2148 ille
717 2082 909 2169 cognomine
929 2081 1034 2148 Cicero
1053 2082 1131 2148 solo.
1165 2081 1290 2148 Habuit

142 2189 317 2255 etiamtunc
339 2190 373 2254 in
396 2212 454 2254 sua
477 2189 684 2274 bybliotheca
707 2188 917 2275 apographon
941 2212 1006 2255 nou
1030 2190 1150 2274 optime
1168 2191 1289 2256 lactum

142 2300 322 2362 saturarum
345 2296 462 2361 Lucilii
485 2296 540 2362 lib.
560 2295 698 2361 I—XXI
722 2296 914 2382 exemplaris
937 2296 1040 2380 illiue,
1069 2297 1155 2381 quod
1183 2297 1288 2362 solum

140 2404 382 2490 propagabatur
404 2426 423 2468 a
444 2403 641 2489 bybliopolis
665 2403 739 2469 inde
762 2407 945 2489 atempore
967 2402 1168 2489 Flauiorum,
1198 2404 1289 2470 cuius

140 2509 174 2573 in
198 2511 286 2576 exitu
310 2511 450 2596 perierat
472 2510 556 2576 liber
573 2510 660 2596 XXI,
688 2514 852 2595 praeterea
878 2514 1007 2594 praesto
1035 2514 1105 2575 erat
1129 2509 1288 2576 librorum

139 2615 372 2683 XXH-XXV
394 2617 477 2682 liber
500 2618 634 2703 primus,
657 2618 676 2681 i.
697 2639 723 2682 e.
741 2615 843 2682 XXII.
881 2616 968 2693 Quos
991 2617 1092 2682 libros
1116 2617 1172 2682 alii
1192 2617 1289 2682 tradi-

140 2723 188 2788 dit
210 2745 305 2790 seruo
330 2723 546 2809 excerpendae
570 2725 626 2809 qui
649 2724 777 2811 eclogas
801 2746 876 2789 suas
898 2724 1070 2809 proposuit
1089 2745 1162 2789 oum
1180 2724 1289 2789 uerbis

139 2831 488 2916 manusculum
515 2832 567 2897 lib.
586 2833 611 2897 I
629 2832 852 2916 sequentibus:
879 2832 907 2897 is
934 2836 1099 2917 praeterea
1126 2831 1288 2917 quotiens·

140 2958 277 3022 cumque
300 2937 399 3003 alium
424 2938 545 3004 librum
569 2939 680 3004 eodem
703 2940 775 3005 Ioco
799 2938 838 3005 de
861 2938 971 3004 eadem
995 2959 1074 3005 uoce
1097 2938 1201 3003 adfert
1222 2960 1289 3002 non

138 3044 362 3111 antecedentes
386 3046 442 3110 sed
466 3050 635 3130 sequentes
660 3046 762 3111 libros
788 3045 892 3111 adfert
919 3050 994 3131 post
1021 3045 1178 3110 uocabula
1205 3046 1288 3110 idem

139 3150 225 3216 libre.
267 3149 335 3216 Alii
354 3174 448 3217 seruo
472 3152 605 3218 tradidIt
626 3152 729 3218 libros
747 3151 1003 3238 XXVI-XXX,
1027 3153 1083 3236 qui
1101 3151 1287 3238 genetiuum

138 3257 269 3341 omittit,
284 3280 410 3345 semper
423 3264 498 3344 post
512 3261 595 3325 idem
609 3260 687 3326 libro
700 3258 803 3325 libros
816 3259 927 3325 laudat
939 3259 1169 3325 antecedentes.
1194 3257 1287 3336 Quod

138 3386 215 3429 uero
239 3365 340 3452 uulgo
364 3366 497 3432 docetur
518 3367 605 3432 hunc
633 3389 760 3453 semper
787 3367 898 3433 ordine
927 3367 1056 3433 inuerso
1083 3366 1185 3432 h'bros
1212 3365 1287 3430 inde

137 3492 156 3534 a
178 3470 271 3536 XXX
293 3493 397 3558 usque
424 3475 464 3539 ad
486 3472 610 3559 XXVI,
637 3474 724 3540 huno
753 3478 841 3539 recto
870 3474 981 3539 ordine
1009 3474 1083 3539 inde
1106 3495 1125 3537 a
1147 3472 1163 3537 I
1186 3495 1287 3558 usque

137 3578 177 3642 ad
200 3578 261 3643 XX
288 3581 440 3666 progredi
468 3582 502 3645 in
530 3603 627 3666 opera
655 3603 726 3666 sua,
758 3582 821 3647 hoc
848 3586 934 3646 recte
966 3581 1088 3646 dietum
1119 3602 1186 3646 non
1218 3603 1287 3646 esse

135 3689 249 3769 postea
272 3687 449 3770 apparebit.
495 3687 661 3753 Similiter
676 3672 719 3753 de·
739 3687 840 3753 seruis
863 3687 929 3752 illis
953 3686 1001 3753 III
1020 3687 1137 3773 quibus
1161 3691 1286 3752 saturas

136 3789 355 3858 Varronianas
379 3794 554 3859 tradiderat
577 3795 759 3860 tractandas
781 3794 859 3859 11661
881 3794 1022 3859 iudicare
1045 3791 1095 3881 (P.
1114 3793 1286 3859 Schmidtii

136 3896 175 3961 de
192 3896 277 3963 Non.
295 3899 393 3965 Marc.
412 3905 495 3966 auct.
513 3905 681 3988 grammat.
700 3924 731 3986 p.
753 3899 845 3989 129);
870 3923 1007 3985 quorum
1026 3900 1081 3966 1116
1101 3901 1157 3985 qui
1175 3898 1286 3964 XVIII

136 4007 262 4070 saturas
293 4007 434 4071 excussit
466 4012 607 4094 nugator
639 4011 709 4073 erat
740 4011 772 4072 et
802 4007 936 4092 nebulo,
973 4029 1045 4072 cum
1078 4030 1095 4072 e
1127 4006 1285 4071 Varronis

135 4112 311 4196 exemplari
335 4118 487 4199 corrupto
509 4115 607 4199 uulgo
630 4114 824 4180 exscriberet
847 4115 905 4179 sub
929 4139 951 4179 u
973 4115 1082 4179 h'ttera
1101 4138 1133 4199 p.
1155 4112 1227 4197 187,
1243 4111 1283 4176 17

136 4218 247 4305 ‘uulga
274 4221 434 4304 capacitas
461 4221 514 4286 uel
542 4223 632 4287 sinus
661 4243 733 4287 cum
760 4220 915 4308 laxitate',
946 4225 1058 4288 contra
1084 4225 1171 4286 recte
1199 4219 1285 4285 serui

134 4324 295 4393 Luciliani
318 4329 382 4393 duo
406 4327 455 4392 illi
477 4351 508 4413 p.
530 4328 570 4393 78
595 4328 655 4392 sub
677 4329 699 4393 b
722 4327 831 4392 Ilttera
853 4349 990 4413 posuere
1013 4348 1125 4392 uersus
1148 4325 1285 4391 Lucilia-

133 4454 204 4519 nos,
226 4432 303 4499 dum
326 4433 388 4498 hoc
411 4435 507 4499 modo
530 4434 723 4500 uocabulum
746 4439 896 4500 enarrant
919 4433 1030 4520 ‘bulga
1052 4428 1304 4500 661161116116
