<?xml version="1.0" encoding="UTF-8"?>
<!DOCTYPE html PUBLIC "-//W3C//DTD XHTML 1.0 Transitional//EN"
    "http://www.w3.org/TR/xhtml1/DTD/xhtml1-transitional.dtd">
<html xmlns="http://www.w3.org/1999/xhtml" xml:lang="en" lang="en">
 <head>
  <title>
</title>
<meta http-equiv="Content-Type" content="text/html;charset=utf-8" />
  <meta name='ocr-system' content='tesseract 3.04.00' />
  <meta name='ocr-capabilities' content='ocr_page ocr_carea ocr_par ocr_line ocrx_word'/>
</head>
<body>
  <div class='ocr_page' id='page_1' title='image "./cluciliicarminu01lucigoog_0143.png"; bbox 0 0 3082 5018; ppageno 0'>
   <div class='ocr_carea' id='block_1_1' title="bbox 231 1515 1377 1673">
    <p class='ocr_par' dir='ltr' id='par_1_1' title="bbox 231 1515 1377 1673">
     <span class='ocr_line' id='line_1_1' title="bbox 231 1515 1377 1592; baseline 0 -15"><span class='ocrx_word' id='word_1_1' title='bbox 231 1523 296 1577; x_wconf 82' lang='lat' dir='ltr'><strong>loci</strong></span> <span class='ocrx_word' id='word_1_2' title='bbox 317 1524 463 1577; x_wconf 89' lang='lat' dir='ltr'><strong>auctorum</strong></span> <span class='ocrx_word' id='word_1_3' title='bbox 485 1520 540 1576; x_wconf 91' lang='lat' dir='ltr'><strong>toti</strong></span> <span class='ocrx_word' id='word_1_4' title='bbox 563 1518 696 1589; x_wconf 74' lang='lat' dir='ltr'><strong>exscripti</strong></span> <span class='ocrx_word' id='word_1_5' title='bbox 720 1519 838 1572; x_wconf 90' lang='lat' dir='ltr'><strong>suntin</strong></span> <span class='ocrx_word' id='word_1_6' title='bbox 860 1516 1061 1572; x_wconf 87' lang='lat' dir='ltr'><strong>commentario</strong></span> <span class='ocrx_word' id='word_1_7' title='bbox 1085 1515 1122 1570; x_wconf 97' lang='lat' dir='ltr'><strong>ad</strong></span> <span class='ocrx_word' id='word_1_8' title='bbox 1140 1534 1227 1571; x_wconf 92' lang='lat' dir='ltr'><strong>unum</strong></span> <span class='ocrx_word' id='word_1_9' title='bbox 1245 1521 1377 1592; x_wconf 89' lang='lat' dir='ltr'><strong>quodque</strong></span> 
     </span>
     <span class='ocr_line' id='line_1_2' title="bbox 282 1594 1375 1673; baseline 0 -16"><span class='ocrx_word' id='word_1_10' title='bbox 282 1601 484 1673; x_wconf 77' lang='lat' dir='ltr'><strong>fragmentum:</strong></span> <span class='ocrx_word' id='word_1_11' title='bbox 492 1600 522 1656; x_wconf 91' lang='lat' dir='ltr'><strong>in</strong></span> <span class='ocrx_word' id='word_1_12' title='bbox 530 1601 629 1656; x_wconf 90' lang='lat' dir='ltr'><strong>eodem</strong></span> <span class='ocrx_word' id='word_1_13' title='bbox 636 1598 810 1654; x_wconf 87' lang='lat' dir='ltr'><strong>imitationes</strong></span> <span class='ocrx_word' id='word_1_14' title='bbox 816 1600 964 1668; x_wconf 86' lang='lat' dir='ltr'><strong>poetarum</strong></span> <span class='ocrx_word' id='word_1_15' title='bbox 971 1594 1158 1664; x_wconf 78' lang='lat' dir='ltr'><strong>posteriorum</strong></span> <span class='ocrx_word' id='word_1_16' title='bbox 1169 1595 1375 1657; x_wconf 84' lang='lat' dir='ltr'><strong>adnotauimus.</strong></span> 
     </span>
    </p>
   </div>
   <div class='ocr_carea' id='block_1_2' title="bbox 231 1694 1378 1928">
    <p class='ocr_par' dir='ltr' id='par_1_2' title="bbox 231 1694 1378 1928">
     <span class='ocr_line' id='line_1_3' title="bbox 231 1694 1377 1770; baseline 0 -15"><span class='ocrx_word' id='word_1_17' title='bbox 231 1701 354 1757; x_wconf 72' lang='lat' dir='ltr'><strong>Litterae</strong></span> <span class='ocrx_word' id='word_1_18' title='bbox 372 1716 433 1770; x_wconf 85' lang='lat' dir='ltr'><strong>a-‚</strong></span> <span class='ocrx_word' id='word_1_19' title='bbox 453 1699 515 1768; x_wconf 89' lang='lat' dir='ltr'><strong>—b‚</strong></span> <span class='ocrx_word' id='word_1_20' title='bbox 534 1720 597 1767; x_wconf 82' lang='grc' dir='ltr'><strong>α-,</strong></span> <span class='ocrx_word' id='word_1_21' title='bbox 617 1699 677 1770; x_wconf 81' lang='grc' dir='ltr'><strong>-β,</strong></span> <span class='ocrx_word' id='word_1_22' title='bbox 696 1698 753 1764; x_wconf 88' lang='grc' dir='ltr'><strong>Ι-,</strong></span> <span class='ocrx_word' id='word_1_23' title='bbox 773 1697 876 1763; x_wconf 78' lang='lat' dir='ltr'>-II—‚</span> <span class='ocrx_word' id='word_1_24' title='bbox 895 1695 969 1750; x_wconf 93' lang='lat' dir='ltr'><strong>—lII</strong></span> <span class='ocrx_word' id='word_1_25' title='bbox 987 1694 1093 1749; x_wconf 78' lang='lat' dir='ltr'><strong>similia</strong></span> <span class='ocrx_word' id='word_1_26' title='bbox 1107 1695 1237 1749; x_wconf 86' lang='lat' dir='ltr'><strong>indicent</strong></span> <span class='ocrx_word' id='word_1_27' title='bbox 1250 1698 1377 1754; x_wconf 89' lang='lat' dir='ltr'><strong>ordinem</strong></span> 
     </span>
     <span class='ocr_line' id='line_1_4' title="bbox 284 1774 1378 1849; baseline -0.002 -14"><span class='ocrx_word' id='word_1_28' title='bbox 284 1797 318 1836; x_wconf 88' lang='lat' dir='ltr'><strong>ae</strong></span> <span class='ocrx_word' id='word_1_29' title='bbox 346 1781 446 1836; x_wconf 88' lang='lat' dir='ltr'><strong>seriem</strong></span> <span class='ocrx_word' id='word_1_30' title='bbox 474 1796 529 1849; x_wconf 92' lang='lat' dir='ltr'><strong>quo</strong></span> <span class='ocrx_word' id='word_1_31' title='bbox 555 1780 667 1834; x_wconf 85' lang='lat' dir='ltr'><strong>exstant</strong></span> <span class='ocrx_word' id='word_1_32' title='bbox 694 1778 781 1848; x_wconf 91' lang='lat' dir='ltr'><strong>positi</strong></span> <span class='ocrx_word' id='word_1_33' title='bbox 814 1777 890 1847; x_wconf 90' lang='lat' dir='ltr'><strong>apud</strong></span> <span class='ocrx_word' id='word_1_34' title='bbox 917 1774 1117 1846; x_wconf 79' lang='lat' dir='ltr'><strong>grammaticos</strong></span> <span class='ocrx_word' id='word_1_35' title='bbox 1144 1775 1273 1845; x_wconf 81' lang='lat' dir='ltr'><strong>inprimis</strong></span> <span class='ocrx_word' id='word_1_36' title='bbox 1302 1779 1378 1849; x_wconf 90' lang='lat' dir='ltr'><strong>apud</strong></span> 
     </span>
     <span class='ocr_line' id='line_1_5' title="bbox 283 1856 1378 1928; baseline -0.001 -14"><span class='ocrx_word' id='word_1_37' title='bbox 283 1861 406 1915; x_wconf 90' lang='lat' dir='ltr'><strong>Nonium</strong></span> <span class='ocrx_word' id='word_1_38' title='bbox 434 1860 476 1915; x_wconf 91' lang='lat' dir='ltr'><strong>ita</strong></span> <span class='ocrx_word' id='word_1_39' title='bbox 503 1861 670 1927; x_wconf 81' lang='lat' dir='ltr'><strong>correctum,</strong></span> <span class='ocrx_word' id='word_1_40' title='bbox 696 1859 729 1912; x_wconf 92' lang='lat' dir='ltr'><strong>ut</strong></span> <span class='ocrx_word' id='word_1_41' title='bbox 756 1857 806 1926; x_wconf 94' lang='lat' dir='ltr'><strong>qui</strong></span> <span class='ocrx_word' id='word_1_42' title='bbox 834 1857 901 1912; x_wconf 90' lang='lat' dir='ltr'><strong>ordo</strong></span> <span class='ocrx_word' id='word_1_43' title='bbox 928 1856 1015 1912; x_wconf 84' lang='lat' dir='ltr'><strong>fuerit</strong></span> <span class='ocrx_word' id='word_1_44' title='bbox 1042 1856 1118 1926; x_wconf 87' lang='lat' dir='ltr'><strong>apud</strong></span> <span class='ocrx_word' id='word_1_45' title='bbox 1144 1858 1257 1926; x_wconf 89' lang='lat' dir='ltr'><strong>poetam</strong></span> <span class='ocrx_word' id='word_1_46' title='bbox 1285 1859 1378 1928; x_wconf 91' lang='lat' dir='ltr'><strong>ipsum</strong></span> 
     </span>
    </p>
   </div>
   <div class='ocr_carea' id='block_1_3' title="bbox 283 1936 1494 2009">
    <p class='ocr_par' dir='ltr' id='par_1_3' title="bbox 283 1936 1494 2009">
     <span class='ocr_line' id='line_1_6' title="bbox 283 1936 1494 2009; baseline -0.002 -14"><span class='ocrx_word' id='word_1_47' title='bbox 283 1940 449 1996; x_wconf 79' lang='lat' dir='ltr'><strong>restituatur</strong></span> <span class='ocrx_word' id='word_1_48' title='bbox 462 1939 659 2009; x_wconf 84' lang='lat' dir='ltr'><strong>probabiliter:</strong></span> <span class='ocrx_word' id='word_1_49' title='bbox 674 1938 740 1992; x_wconf 86' lang='lat' dir='ltr'><strong>uide</strong></span> <span class='ocrx_word' id='word_1_50' title='bbox 754 1937 879 2008; x_wconf 81' lang='lat' dir='ltr'><strong>prolegg.</strong></span> <span class='ocrx_word' id='word_1_51' title='bbox 894 1955 921 2007; x_wconf 90' lang='lat' dir='ltr'><strong>p.</strong></span> <span class='ocrx_word' id='word_1_52' title='bbox 933 1936 1083 1991; x_wconf 85' lang='lat' dir='ltr'>LXXXVII</span> <span class='ocrx_word' id='word_1_53' title='bbox 1097 1953 1184 2007; x_wconf 62' lang='lat' dir='ltr'><strong>seqq„</strong></span> <span class='ocrx_word' id='word_1_54' title='bbox 1198 1938 1248 1992; x_wconf 91' lang='lat' dir='ltr'><strong>ubi</strong></span> <span class='ocrx_word' id='word_1_55' title='bbox 1262 1938 1377 1994; x_wconf 87' lang='lat' dir='ltr'><strong>tabulae</strong></span> <span class='ocrx_word' id='word_1_56' title='bbox 1492 1954 1494 1959; x_wconf 80' lang='grc'>’</span> 
     </span>
    </p>
   </div>
   <div class='ocr_carea' id='block_1_4' title="bbox 283 2020 518 2089">
    <p class='ocr_par' dir='ltr' id='par_1_4' title="bbox 283 2020 518 2089">
     <span class='ocr_line' id='line_1_7' title="bbox 283 2020 518 2089; baseline -0.004 -13"><span class='ocrx_word' id='word_1_57' title='bbox 283 2022 349 2076; x_wconf 86' lang='lat' dir='ltr'><strong>sunt</strong></span> <span class='ocrx_word' id='word_1_58' title='bbox 367 2020 518 2089; x_wconf 86' lang='lat' dir='ltr'><strong>expositae.</strong></span> 
     </span>
    </p>
   </div>
   <div class='ocr_carea' id='block_1_5' title="bbox 230 2114 1377 2268">
    <p class='ocr_par' dir='ltr' id='par_1_5' title="bbox 230 2114 1377 2268">
     <span class='ocr_line' id='line_1_8' title="bbox 230 2114 1377 2190; baseline 0.001 -19"><span class='ocrx_word' id='word_1_59' title='bbox 230 2117 342 2171; x_wconf 86' lang='lat' dir='ltr'><strong>Mutata</strong></span> <span class='ocrx_word' id='word_1_60' title='bbox 359 2117 503 2173; x_wconf 76' lang='lat' dir='ltr'><strong>inclinatis</strong></span> <span class='ocrx_word' id='word_1_61' title='bbox 521 2116 638 2184; x_wconf 80' lang='lat' dir='ltr'><strong>litteris,</strong></span> <span class='ocrx_word' id='word_1_62' title='bbox 661 2115 793 2187; x_wconf 89' lang='lat' dir='ltr'><strong>suppleta</strong></span> <span class='ocrx_word' id='word_1_63' title='bbox 816 2114 949 2171; x_wconf 90' lang='lat' dir='ltr'><strong>cancellis</strong></span> <span class='ocrx_word' id='word_1_64' title='bbox 972 2115 1042 2188; x_wconf 83' lang='lat' dir='ltr'><strong>&lt;boc</strong></span> <span class='ocrx_word' id='word_1_65' title='bbox 1060 2116 1173 2190; x_wconf 79' lang='lat' dir='ltr'><strong>modo),</strong></span> <span class='ocrx_word' id='word_1_66' title='bbox 1197 2116 1293 2187; x_wconf 90' lang='lat' dir='ltr'><strong>spuria</strong></span> <span class='ocrx_word' id='word_1_67' title='bbox 1312 2117 1377 2189; x_wconf 91' lang='lat' dir='ltr'><strong>[hoc</strong></span> 
     </span>
     <span class='ocr_line' id='line_1_9' title="bbox 282 2196 583 2268; baseline 0 -17"><span class='ocrx_word' id='word_1_68' title='bbox 282 2197 378 2268; x_wconf 90' lang='lat' dir='ltr'><strong>modo]</strong></span> <span class='ocrx_word' id='word_1_69' title='bbox 398 2196 583 2251; x_wconf 74' lang='lat' dir='ltr'><strong>exhibuimus,</strong></span> 
     </span>
    </p>
   </div>
   <div class='ocr_carea' id='block_1_6' title="bbox 230 2293 1377 2447">
    <p class='ocr_par' dir='ltr' id='par_1_6' title="bbox 230 2293 1377 2447">
     <span class='ocr_line' id='line_1_10' title="bbox 230 2293 1377 2365; baseline -0.001 -15"><span class='ocrx_word' id='word_1_70' title='bbox 230 2295 386 2351; x_wconf 88' lang='lat' dir='ltr'><strong>Verborum</strong></span> <span class='ocrx_word' id='word_1_71' title='bbox 404 2296 532 2351; x_wconf 86' lang='lat' dir='ltr'><strong>ordinem</strong></span> <span class='ocrx_word' id='word_1_72' title='bbox 551 2296 730 2350; x_wconf 89' lang='lat' dir='ltr'><strong>immutatum</strong></span> <span class='ocrx_word' id='word_1_73' title='bbox 749 2312 810 2350; x_wconf 90' lang='lat' dir='ltr'><strong>esse</strong></span> <span class='ocrx_word' id='word_1_74' title='bbox 828 2293 940 2365; x_wconf 88' lang='lat' dir='ltr'><strong>punctis</strong></span> <span class='ocrx_word' id='word_1_75' title='bbox 958 2293 1119 2350; x_wconf 88' lang='lat' dir='ltr'><strong>notauimus</strong></span> <span class='ocrx_word' id='word_1_76' title='bbox 1138 2293 1251 2349; x_wconf 87' lang='lat' dir='ltr'><strong>litterae</strong></span> <span class='ocrx_word' id='word_1_77' title='bbox 1268 2294 1377 2364; x_wconf 86' lang='lat' dir='ltr'><strong>primae</strong></span> 
     </span>
     <span class='ocr_line' id='line_1_11' title="bbox 283 2375 838 2447; baseline -0.005 -16"><span class='ocrx_word' id='word_1_78' title='bbox 283 2375 485 2432; x_wconf 87' lang='lat' dir='ltr'><strong>uocabulorum</strong></span> <span class='ocrx_word' id='word_1_79' title='bbox 504 2375 658 2447; x_wconf 86' lang='lat' dir='ltr'><strong>suppositis</strong></span> <span class='ocrx_word' id='word_1_80' title='bbox 676 2376 730 2442; x_wconf 79' lang='lat' dir='ltr'><strong>hoc</strong></span> <span class='ocrx_word' id='word_1_81' title='bbox 747 2375 838 2443; x_wconf 85' lang='lat' dir='ltr'><strong>modo.</strong></span> 
     </span>
    </p>
   </div>
   <div class='ocr_carea' id='block_1_7' title="bbox 229 2472 1376 2546">
    <p class='ocr_par' dir='ltr' id='par_1_7' title="bbox 229 2472 1376 2546">
     <span class='ocr_line' id='line_1_12' title="bbox 229 2472 1376 2546; baseline -0.002 -16"><span class='ocrx_word' id='word_1_82' title='bbox 229 2475 356 2530; x_wconf 76' lang='lat' dir='ltr'><strong>Incertae</strong></span> <span class='ocrx_word' id='word_1_83' title='bbox 371 2474 446 2530; x_wconf 87' lang='lat' dir='ltr'><strong>sedis</strong></span> <span class='ocrx_word' id='word_1_84' title='bbox 460 2475 620 2546; x_wconf 77' lang='lat' dir='ltr'><strong>fragmenta</strong></span> <span class='ocrx_word' id='word_1_85' title='bbox 634 2475 787 2529; x_wconf 89' lang='lat' dir='ltr'><strong>secundum</strong></span> <span class='ocrx_word' id='word_1_86' title='bbox 802 2473 927 2528; x_wconf 88' lang='lat' dir='ltr'><strong>ordinem</strong></span> <span class='ocrx_word' id='word_1_87' title='bbox 937 2472 1147 2543; x_wconf 81' lang='lat' dir='ltr'><strong>alphabeticum</strong></span> <span class='ocrx_word' id='word_1_88' title='bbox 1157 2474 1222 2528; x_wconf 87' lang='lat' dir='ltr'><strong>sunt</strong></span> <span class='ocrx_word' id='word_1_89' title='bbox 1231 2473 1376 2543; x_wconf 86' lang='lat' dir='ltr'><strong>disposita.</strong></span> 
     </span>
    </p>
   </div>
   <div class='ocr_carea' id='block_1_8' title="bbox 229 2570 1377 2709">
    <p class='ocr_par' dir='ltr' id='par_1_8' title="bbox 229 2570 1377 2709">
     <span class='ocr_line' id='line_1_13' title="bbox 229 2570 1377 2643; baseline -0.002 -17"><span class='ocrx_word' id='word_1_90' title='bbox 229 2572 245 2607; x_wconf 90' lang='lat'><em>*</em></span> <span class='ocrx_word' id='word_1_91' title='bbox 268 2571 357 2627; x_wconf 85' lang='lat' dir='ltr'><strong>Stella</strong></span> <span class='ocrx_word' id='word_1_92' title='bbox 379 2572 540 2627; x_wconf 87' lang='lat' dir='ltr'><strong>notauimus</strong></span> <span class='ocrx_word' id='word_1_93' title='bbox 564 2588 598 2629; x_wconf 91' lang='lat' dir='ltr'><strong>ea</strong></span> <span class='ocrx_word' id='word_1_94' title='bbox 620 2573 779 2643; x_wconf 75' lang='lat' dir='ltr'><strong>fragmenta</strong></span> <span class='ocrx_word' id='word_1_95' title='bbox 802 2588 875 2641; x_wconf 88' lang='lat' dir='ltr'><strong>qnae</strong></span> <span class='ocrx_word' id='word_1_96' title='bbox 898 2572 1059 2627; x_wconf 83' lang='lat' dir='ltr'><strong>coniectura</strong></span> <span class='ocrx_word' id='word_1_97' title='bbox 1082 2573 1157 2626; x_wconf 88' lang='lat' dir='ltr'><strong>certo</strong></span> <span class='ocrx_word' id='word_1_98' title='bbox 1180 2570 1252 2626; x_wconf 89' lang='lat' dir='ltr'><strong>libro</strong></span> <span class='ocrx_word' id='word_1_99' title='bbox 1276 2571 1377 2626; x_wconf 84' lang='lat' dir='ltr'><strong>Lucilii</strong></span> 
     </span>
     <span class='ocr_line' id='line_1_14' title="bbox 284 2652 647 2709; baseline 0 -2"><span class='ocrx_word' id='word_1_100' title='bbox 284 2655 333 2707; x_wconf 90' lang='lat' dir='ltr'><strong>aut</strong></span> <span class='ocrx_word' id='word_1_101' title='bbox 352 2652 459 2708; x_wconf 90' lang='lat' dir='ltr'><strong>Lucilio</strong></span> <span class='ocrx_word' id='word_1_102' title='bbox 477 2653 647 2709; x_wconf 87' lang='lat' dir='ltr'><strong>tribuuntur.</strong></span> 
     </span>
    </p>
   </div>
   <div class='ocr_carea' id='block_1_9' title="bbox 230 2751 950 2980">
    <p class='ocr_par' dir='ltr' id='par_1_9' title="bbox 230 2751 950 2980">
     <span class='ocr_line' id='line_1_15' title="bbox 230 2751 569 2806; baseline -0.003 0"><span class='ocrx_word' id='word_1_103' title='bbox 230 2752 364 2806; x_wconf 77' lang='lat' dir='ltr'><strong>(lodicum</strong></span> <span class='ocrx_word' id='word_1_104' title='bbox 382 2753 466 2806; x_wconf 87' lang='lat' dir='ltr'><strong>notae</strong></span> <span class='ocrx_word' id='word_1_105' title='bbox 484 2751 569 2805; x_wconf 90' lang='lat' dir='ltr'><strong>Nonii</strong></span> 
     </span>
     <span class='ocr_line' id='line_1_16' title="bbox 656 2830 846 2887; baseline -0.011 0"><span class='ocrx_word' id='word_1_106' title='bbox 656 2833 683 2887; x_wconf 87' lang='lat' dir='ltr'><strong><em>L</em></strong></span> <span class='ocrx_word' id='word_1_107' title='bbox 702 2830 846 2886; x_wconf 82' lang='lat' dir='ltr'><strong>Leidensis</strong></span> 
     </span>
     <span class='ocr_line' id='line_1_17' title="bbox 661 2910 950 2980; baseline -0.007 -14"><span class='ocrx_word' id='word_1_108' title='bbox 661 2912 687 2966; x_wconf 81' lang='lat' dir='ltr'><em>G</em></span> <span class='ocrx_word' id='word_1_109' title='bbox 705 2910 950 2980; x_wconf 82' lang='lat' dir='ltr'><strong>Guelferbytanus.</strong></span> 
     </span>
    </p>
   </div>
   <div class='ocr_carea' id='block_1_10' title="bbox 0 0 1546 5018">
    <p class='ocr_par' dir='ltr' id='par_1_10' title="bbox 0 0 1546 5018">
     <span class='ocr_line' id='line_1_18' title="bbox 0 0 1546 5018; baseline 0 0"><span class='ocrx_word' id='word_1_110' title='bbox 0 0 1546 5018; x_wconf 95' lang='lat' dir='ltr'><strong> </strong></span> 
     </span>
    </p>
   </div>
  </div>
 </body>
</html>
