3082 5018
77 593 129 644 489

79 1211 131 1259 499

82 1988 133 2037 499

147 295 191 370 34
564 304 615 358 xv
632 322 659 360 u.
675 321 697 359 e.
713 309 861 359 sea-ssu
899 296 901 299 ’

148 469 324 553 terriculas,
346 469 484 553 Lamias,
506 467 609 533 Fauni
633 490 713 553 quos
735 467 953 553 Pompiliique

148 576 316 642 instituere
337 575 474 662 Numae,
496 575 606 641 tremit
628 576 696 660 has,
718 574 773 640 hio
795 574 904 640 omnia
926 575 1026 661 ponit.

148 687 186 750 ut
208 683 299 769 pueri
322 682 461 749 infantes
486 682 620 748 eredunt
643 681 737 768 signa
761 682 870 746 omnia
892 703 971 747 aena

148 792 258 857 uiuere
281 795 314 856 ot
336 812 405 856 esse
427 790 583 875 homines,
607 789 653 855 sie
675 787 731 854 isti
752 788 878 854 somnia
899 789 976 854 fieta

86 948 89 957 .
149 921 226 965 uera
248 900 374 983 putant,
397 896 531 963 eredunt
554 897 655 982 signis
679 917 734 963 eor
757 895 861 962 inesse
883 895 918 960 in
940 895 1036 962 aenis.

147 1004 284 1093 pergula
304 1005 459 1087 sistorum
482 1003 551 1068 ueri
574 1003 665 1088 nihil,
688 1002 797 1068 omnia
818 1003 901 1070 fieta.

684 1190 759 1257 dum
783 1188 875 1257 miles
899 1189 1020 1255 Hibera

150 1305 265 1366 terrast
286 1320 325 1365 ao
347 1302 448 1364 meret
469 1298 560 1382 <lue>
583 1310 631 1363 ter
654 1320 709 1364 sex
732 1299 832 1364 aetati
857 1297 949 1382 quasi
974 1319 1082 1363 annos.

150 1523 324 1555 υυυυυυ
347 1490 403 1552 aut
426 1485 482 1571 qui
505 1493 655 1552 nummot
677 1485 779 1552 tristis
803 1485 943 1551 inanest.

151 1677 185 1740 in
206 1695 341 1740 numero
363 1695 502 1758 quorum
525 1693 612 1739 nune
634 1672 758 1758 primus
782 1671 961 1740 Trebellius
984 1675 1118 1739 multost

151 1783 278 1866 Lusius,
300 1802 404 1869 neree,
450 1801 544 1846 saeua
588 1779 600 1844 i
646 1779 753 1860 febris,
777 1781 911 1864 senium,
934 1781 1103 1866 uomitum,
1119 1803 1191 1865 pus.

155 1971 216 2036 seit
238 1968 404 2054 poeetioon
428 1990 506 2052 esse,
528 1966 616 2032 uidet
638 1968 749 2033 tunioe
772 1972 803 2032 et
826 1973 904 2054 toga
927 1968 1004 2053 quid
1029 1968 1078 2034 sit.

152 2214 168 2224 .
183 2195 201 2223 0
214 2195 232 2222 o
246 2214 262 2222 -
281 2178 376 2222 nemo
399 2159 448 2222 est
470 2154 644 2221 halinarius
666 2156 826 2239 posterior
849 2158 889 2221 te.

153 2368 191 2411 ae
214 2345 252 2410 do
275 2343 336 2410 iste
359 2365 447 2409 saoer
471 2342 524 2408 ille
546 2343 751 2428 toeoylyptos
774 2363 813 2408 ao
835 2340 1051 2428 Syrophoenix

154 2451 232 2538 quid
254 2452 358 2517 faeere
381 2454 430 2516 est
453 2449 590 2537 solitus?

154 2644 398 2726 praeterquam
422 2638 456 2704 in
478 2639 596 2725 pretio:
619 2637 744 2724 primus
767 2637 909 2722 semisse,
930 2637 1087 2702 secundus

83 2767 136 2817 ooo
154 2768 296 2830 nummo,
319 2745 434 2811 tertius
456 2745 519 2811 iam
543 2745 647 2831 pluris
670 2767 766 2830 quam
784 2747 873 2810 totus
898 2744 1086 2810 medimnus.

154 2945 366 2955 Μ...-

155 3082 264 3138 oorbite
290 3082 428 3138 maximus
456 3081 553 3137 ullast'
582 3081 716 3151 (0007900
737 3081 848 3151 mellico
869 3080 981 3150 editum:
1006 3081 1078 3137 idem
1100 3098 1146 3151 un.
1161 3082 1302 3138 Neretum:

156 3164 253 3233 ‘qusm
271 3162 362 3218 malus
381 3162 463 3217 nauis
481 3161 511 3217 in
530 3161 639 3216 eorbita
652 3160 791 3215 maximus
809 3160 894 3215 ulle’:
913 3160 982 3215 naui
995 3160 1026 3216 in
1040 3160 1149 3216 oorbita
1162 3163 1187 3215 1.
1203 3163 1303 3218 Dousa

155 3241 213 3298 484
232 3243 359 3298 Laetant,
374 3243 467 3298 insti
485 3248 529 3311 22,
549 3247 582 3296 13
602 3243 631 3296 et
649 3240 761 3311 epitom.
777 3256 838 3310 esp.
854 3245 887 3293 22
929 3240 1076 3296 terriculas
1094 3241 1302 3306 uetterrieolas
1384 3307 1390 3316 .

154 3323 224 3379 codd
277 3320 335 3377 489
354 3322 425 3377 Non,
440 3340 468 3391 p.
484 3327 553 3389 tus
608 3322 651 3394 ut]
671 3324 700 3377 et
717 3322 791 3379 Non.
847 3336 919 3375 eene
936 3319 1082 3377 Laotaortis‘
1099 3322 1157 3377 PV
1167 3322 1303 3390 Νοηίίθ,

155 3418 209 3457 ena
236 3402 327 3457 Nom's'
351 3403 391 3470 L,
420 3401 524 3469 ahena,
556 3401 673 3469 athene,
709 3415 810 3469 aenea,
835 3400 957 3455 athenae
983 3402 1036 3455 alii
1062 3402 1208 3458 Laetonts'i
1234 3402 1304 3457 codd

155 3480 212 3537 487
241 3480 350 3536 somnia
377 3482 586 3554 Laelmuuoues]
609 3481 704 3536 omnia
775 3479 833 3535 488
857 3481 948 3548 aenis,
976 3481 1088 3551 ahenis,
1113 3482 1211 3536 haenis
1233 3482 1305 3539 codd

155 3559 213 3616 489
231 3563 347 3630 pomula
364 3562 478 3632 epitom
535 3563 676 3634 fictorum]
694 3561 833 3632 pistorum
890 3562 969 3631 pieta
987 3565 1100 3632 epitome
1153 3560 1213 3618 499
1230 3563 1303 3617 Non.

156 3661 183 3712 p.
203 3646 269 3710 344,
292 3647 326 3697 23
408 3639 464 3697 491
493 3643 597 3697 terrast
623 3643 831 3714 Laetmurmus]
860 3645 948 3698 terras
1030 3643 1075 3715 ao]
1101 3644 1187 3712 atque
1214 3643 1303 3699 Loeh-

156 3739 275 3778 muomus
303 3721 389 3796 (lete)
414 3722 515 3779 addidi
604 3723 701 3778 aetati’
729 3723 938 3794 Luelmonnus]
967 3727 1062 3779 aetate
1147 3722 1206 3778 492
1230 3723 1302 3778 Non.

156 3809 313 3874 012413
384 3802 544 3874 inungatL
559 3809 624 3859 m.1
696 3802 755 3859 499
773 3803 846 3858 Non.
861 3821 888 3874 p.
903 3809 965 3871 2,27
1036 3803 1178 3860 trebelleis
1198 3805 1302 3859 Lm.1

156 3883 274 3940 multost
291 3884 500 3957 Laetmonous]
519 3884 622 3939 multos
640 3885 708 3940 titos
744 3882 803 3939 494
817 3884 920 3939 Lueius
935 3885 1072 3958 Daemon]
1085 3885 1176 3940 luoios
1212 3900 1304 3952 nanee,

156 3981 243 4020 saeua
270 3964 328 4036 i(s)]
355 3964 514 4020 nereesibai
539 3965 565 4020 G
588 3964 759 4020 naroessibai
782 3966 809 4020 L
831 3965 954 4020 naroesis
977 3965 1162 4022 Stosoasserus
1250 3982 1304 4034 pus

156 4046 235 4118 editt]
253 4045 318 4115 plus
384 4043 443 4101 495
461 4045 533 4101 Non.
548 4063 576 4114 p.
592 4050 653 4114 333,
672 4049 705 4098 23
760 4045 890 4116 poetieon
944 4045 1071 4101 tunicam
1124 4043 1183 4100 499
1197 4043 1303 4099 Charis.

157 4124 203 4179 GL
222 4125 236 4179 1
252 4144 280 4195 p.
301 4130 350 4192 33,
369 4124 425 4178 3Κ
514 4123 666 4179 haliean'us
689 4126 730 4181 ed.
754 4143 799 4196 pr.
830 4126 1003 4182 haliosribus
1026 4127 1061 4181 N
1145 4123 1202 4180 497
1231 4124 1303 4179 Non.

156 4224 184 4275 p.
200 4210 261 4273 337,
279 4211 313 4260 23
386 4221 420 4259 ae
438 4204 473 4259 de
496 4204 551 4259 isto
570 4204 766 4262 Lueluuonruse
788 4206 862 4261 adde
880 4206 935 4262 isto
956 4207 1110 4279 Turnebus]
1129 4221 1163 4260 ae
1181 4203 1217 4259 de
1235 4204 1305 4259 istos

157 4285 373 4356 illetoooglyfos
387 4301 421 4340 oe
434 4284 599 4355 Syrofoeuix
614 4286 742 4358 Rotlu'ue]
756 4286 837 4342 illoto
852 4287 925 4342 eollo
940 4287 1124 4343 semirefenix
1159 4284 1219 4341 499
1231 4284 1304 4340 Non.

158 4382 185 4434 p.
201 4371 261 4435 213,
281 4370 315 4420 18
377 4365 522 4421 seminisse
541 4365 568 4419 L
586 4365 700 4420 seminis
720 4367 747 4422 G
765 4368 880 4423 semisse
898 4369 966 4424 editt
1023 4367 1083 4424 500
1100 4366 1189 4438 pluris
1203 4367 1306 4422 Ismr'us

158 4444 253 4515 plures
271 4446 354 4502 codd:
370 4445 479 4516 plurest
498 4445 650 4503 Mostene
