3052 5024
220 309 307 363 LVIII
646 312 925 368 Pssoancomsns.

220 472 339 560 legitur
369 496 400 557 p.
420 473 462 538 28
495 477 573 539 extr.
606 473 806 541 ‘aduelitctio
842 475 973 542 iactatio
1006 475 1163 560 quaedam
1195 475 1367 544 uerborum

220 581 358 668 figurata
376 580 416 645 ab
435 580 537 646 hastis
555 580 751 648 uelitaribus.
788 581 912 650 Velitcs
927 582 1077 649 dicuntur
1091 582 1233 668 expediti
1247 583 1367 652 milites

220 687 313 771 quasi
335 687 493 754 uolantes’
521 687 562 754 ad
583 687 687 755 Plaut.
701 689 783 755 Rud.
797 713 828 755 u.
843 687 908 756 525
936 689 1096 775 ‘equidem
1119 712 1171 756 me
1193 689 1234 756 ad
1256 689 1367 757 uelita

219 793 341 860 tionem
365 794 508 861 exerceo’
531 794 671 880 pertinet
693 795 749 862 ubi
773 795 887 882 supina
904 796 1109 885 neglegentia
1127 796 1233 862 Verrii
1256 819 1367 863 seruus

219 900 380 967 btteratus
406 902 524 967 lemma
555 902 606 967 ‘ad
637 902 872 969 uelitationem:
904 903 1050 970 uelitatio
1078 904 1138 971 est'
1166 927 1192 968 e.
1207 925 1236 987 q.
1252 926 1275 969 s.
1303 925 1368 970 una

221 1032 293 1074 cum
306 1008 545 1094 praepositione
558 1011 827 1096 transscripserat.
851 1010 937 1078 Vsus
951 1015 1000 1077 est
1009 1010 1193 1077 Macrobius
1203 1014 1367 1096 praeterea

219 1116 285 1182 illis
312 1115 392 1183 locis
419 1116 476 1182 ubi
503 1116 671 1183 Luciliana
698 1118 829 1184 exhibet
854 1118 1011 1203 scriptore
1040 1118 1095 1184 illo
1124 1118 1181 1202 qui
1209 1120 1248 1183 de
1270 1117 1366 1185 furtis

219 1223 356 1310 Vergilii
379 1224 508 1308 scripsit
531 1228 564 1290 et
587 1222 699 1290 Gellio.
1014 1220 1017 1227 ’

307 1328 388 1396 Item
412 1331 452 1396 ad
475 1330 592 1396 Lucilii
616 1331 880 1398 commentarium
904 1331 996 1398 illum
1020 1332 1179 1418 pertinere
1198 1333 1365 1400 statuerim

219 1437 308 1504 Paul
321 1436 405 1504 Fast.
419 1461 450 1522 p.
466 1436 508 1504 54
537 1437 748 1505 ‘centenariae
775 1461 871 1505 cenae
898 1438 1085 1505 dicabantur
1116 1440 1152 1506 in
1183 1461 1262 1523 quas
1294 1440 1365 1526 lege

219 1544 344 1610 Licinia
365 1565 431 1610 non
453 1544 526 1630 plus
546 1544 746 1612 centussibus
764 1549 892 1630 practer
909 1550 994 1612 terra
1012 1550 1107 1613 enata
1124 1547 1366 1633 inpendebatur‚

220 1650 253 1717 id
276 1655 325 1718 est
348 1655 476 1717 centum
495 1652 630 1736 assibus,
653 1653 709 1737 qui
728 1657 818 1719 erant
836 1653 950 1720 breues
968 1654 1093 1720 nummi
1112 1676 1151 1720 ex
1170 1656 1253 1720 aere’
1279 1652 1367 1741 (uide

219 1759 260 1824 ad
283 1759 356 1824 dub.
371 1781 400 1824 u.
418 1757 526 1846 1353).
564 1758 647 1826 Tum
666 1781 706 1826 cx
720 1760 832 1826 codem
847 1761 1077 1827 commentario
1092 1761 1220 1827 uidetur
1234 1759 1366 1828 Verrius

219 1866 375 1931 nonnulla
397 1866 545 1933 intulisse
572 1867 607 1932 in
634 1888 715 1953 opus
746 1890 839 1934 suum
863 1871 1019 1952 quantum
1043 1890 1083 1934 ex
1105 1869 1213 1934 indole
1236 1872 1268 1933 et
1291 1868 1366 1934 stilo

219 1974 410 2040 elocutionis
432 1973 573 2040 iudicare
595 1975 671 2041 licet
694 1975 803 2059 qualia
821 1979 898 2040 sunt
915 1974 1002 2059 haec,
1022 1974 1055 2039 in
1074 1974 1192 2059 quibus
1213 1975 1367 2041 lemmata

219 2081 411 2147 scholiastae
434 2081 619 2167 praeposita
640 2081 735 2148 facile
758 2101 925 2170 agnoscas:

307 2187 390 2254 Fest.
405 2211 436 2275 p.
451 2188 561 2273 270‚4
585 2188 761 2255 “Rhondes
781 2187 999 2273 icadionque''
1024 2210 1097 2255 cum
1121 2189 1203 2256 dixit
1223 2189 1366 2256 Lucilius

219 2298 283 2362 duo
307 2294 380 2384 (quo
402 2293 477 2383 cod)
504 2296 636 2362 nomina
657 2297 839 2379 poctarum
868 2295 1026 2384 (abaram
1056 2295 1130 2385 cod)
1158 2297 1276 2382 posuit,
1299 2301 1366 2363 tam

218 2404 372 2471 infestum
396 2403 458 2470 sibi
482 2425 597 2491 corpus
621 2409 653 2470 et
675 2404 886 2470 ualitudinem
910 2404 1058 2488 referens,
1082 2427 1178 2489 quam
1201 2403 1251 2469 illi
1271 2409 1368 2471 essent

217 2509 311 2598 (bote
333 2513 388 2578 scd
405 2510 479 2599 cod)
505 2510 601 2578 saluti
623 2511 858 2599 nauigantium'
883 2510 1008 2598 (incert.
1023 2536 1052 2577 u.
1070 2509 1177 2598 1292).

306 2618 390 2685 Fest.
405 2642 436 2705 p.
451 2619 526 2704 340,
540 2619 584 2685 24
604 2617 841 2704 “‘<Sepultum
864 2619 989 2704 m>orte
1014 2618 1187 2703 meroquc’'
1211 2616 1368 2705 (moroque

219 2723 292 2813 cod)
307 2746 380 2792 cum
395 2726 441 2791 ait
454 2726 630 2810 <Lucilius,
645 2725 791 2793 meminit
805 2727 865 2810 d>e
880 2726 914 2792 L.
925 2724 1075 2792 Terentio
1090 2725 1186 2792 Tusci
1200 2725 1288 2809 ui<ci
1302 2749 1367 2791 ma·

220 2834 321 2919 gistro
346 2855 441 2917 quem
466 2834 612 2917 constat>
635 2833 748 2899 uiuum
771 2833 810 2898 de
833 2855 910 2899 saxo
930 2831 1066 2918 Tarpeio
1085 2833 1274 2917 <desiluisse
1293 2854 1367 2898 cum

219 2963 256 3007 eo
280 2941 443 3025 u>enissct
465 2940 670 3006 comissatum
695 2940 782 3024 quod
803 2940 894 3024 <uini
917 2941 951 3005 ui
973 2939 1076 3006 facere
1100 2941 1206 3023 ess>et
1223 2941 1365 3006 coactus’

219 3046 307 3135 (duh.
322 3072 352 3113 u.
369 3045 477 3136 1374).

308 3156 397 3222 Paul
411 3180 442 3244 p.
457 3155 509 3240 96,
524 3155 545 3220 3
565 3152 730 3221 “‘Gollam
744 3154 854 3221 bibere
871 3176 908 3220 ac
926 3175 1022 3242 rugas
1041 3154 1218 3220 conducere
1236 3154 1365 3220 uentri”

220 3285 292 3329 cum
316 3265 361 3329 ait
383 3263 536 3349 Lucilius,
559 3268 747 3349 praemonet
769 3261 966 3349 parsimonia
989 3285 1058 3329 csse
1076 3263 1241 3346 utendum,
1263 3284 1367 3346 neque

219 3371 312 3458 gelae
336 3370 567 3458 indulgendum
590 3375 798 3456 neutramque
828 3370 1048 3439 coartandum’
1072 3368 1141 3457 (lib.
1156 3368 1218 3435 XV
1232 3394 1261 3435 u.
1276 3367 1365 3456 501).

307 3477 333 3542 F
335 3482 390 3544 est.
406 3501 435 3564 p.
452 3479 559 3563 343‚7
586 3476 784 3545 “Sardorum
814 3479 881 3545 dies
909 3478 1011 3544 festus
1039 3476 1138 3564 uulgo
1165 3475 1367 3543 existimatur

219 3583 295 3651 Idus
318 3585 402 3672 Aug.
417 3586 504 3670 quod
527 3608 564 3652 eo
588 3587 640 3652 dic
664 3583 730 3653 Ser.
745 3586 871 3654 'Pullius
889 3590 985 3652 natus
1005 3584 1141 3652 seruus’'
1160 3607 1185 3649 e.
1201 3607 1229 3668 q.
1245 3607 1269 3650 s.
1292 3584 1367 3649 uide

220 3697 424 3759 commentar.
438 3694 479 3761 ad
501 3694 556 3759 lib.
571 3693 618 3760 VI
638 3719 668 3760 u.
683 3695 748 3760 228
768 3717 832 3779 scq.

6 3803 220 3900 limmat·
309 3799 410 3866 Porro
434 3801 589 3867 editiones
612 3802 712 3867 fuisse
734 3802 769 3867 in
792 3801 940 3867 manibus
964 3800 1262 3888 grammaticorum,
1286 3821 1367 3885 quae

218 3908 320 3996 signis
348 3907 467 3975 criticis
491 3908 608 3993 quibus
631 3906 837 3976 Aristarchus
860 3930 937 3973 usus
961 3910 1029 3972 erat
1052 3910 1222 3973 exornatae
1245 3905 1367 3972 fuerint

218 4020 356 4083 testatur
374 4037 553 4101 anonymus
572 4015 737 4082 Parisinus
753 4013 781 4080 G
795 4015 821 4080 L
836 4013 899 4081 VH
917 4039 948 4100 p.
968 4011 1042 4098 534,
1056 4014 1078 4079 4
1097 4013 1128 4078 K
1148 4010 1278 4100 (testim.
1298 4011 1367 4100 44).

219 4123 289 4202 Quo
317 4123 502 4190 testimonio
531 4145 668 4208 quorum
695 4127 864 4207 poetarum
886 4122 987 4188 libros
1010 4120 1135 4187 Probus
1162 4120 1249 4187 notis
1277 4141 1368 4187 exor-

218 4232 318 4317 narit,
346 4230 483 4297 dilucide
511 4252 585 4297 cum
613 4230 785 4314 indicetur,
811 4253 877 4296 non
904 4234 1013 4296 tamen
1040 4229 1163 4315 poterit
1190 4227 1367 4313 diiudicari,

219 4342 328 4404 utrum
351 4337 463 4405 Aelius
488 4336 570 4403 Stilo
594 4361 635 4404 an
659 4336 690 4403 S.
714 4337 839 4403 Ennius
863 4336 1106 4425 grammaticus,
1134 4336 1199 4416 cui,
1230 4337 1368 4401 sirecte

220 4445 422 4537 scripsimus,
463 4447 668 4535 anteponitur
704 4466 885 4536 cognomen
919 4443 1064 4533 Sponte,
1098 4444 1259 4512 Lucilium
1292 4466 1366 4513 cum
1438 4491 1442 4522 ,
