3082 5018
228 333 338 390 cxxvi
660 288 940 389 saonaeosmm.

316 495 351 585 5)
376 495 438 564 cie.
458 498 497 564 de
516 520 560 564 or.
579 497 611 563 Π
629 496 695 565 284
723 496 799 564 ‘Sed
827 520 866 564 ex
893 497 944 563 his
973 498 1122 565 omnibus
1154 498 1238 564 nihil
1269 500 1372 585 magis

226 604 348 671 ridetur
376 626 472 690 quam
501 605 587 690 quod
614 609 663 671 est
689 609 818 691 praeter
844 607 1099 690 expectationem
1119 658 1125 670 .
1146 656 1180 670 ..
1207 609 1245 671 ut
1271 603 1373 691 Appii

228 711 357 777 maioris
380 710 467 777 illius
492 711 548 796 qui
571 712 605 776 in
628 714 741 778 senatu
765 733 862 796 quom
886 716 1036 797 ageretur
1059 713 1097 778 de
1120 714 1207 798 agris
1234 712 1374 798 publicis

228 822 260 884 et
278 818 317 883 de
334 819 406 904 lege
424 817 544 884 Thoria
563 822 595 884 et
612 822 811 903 premeretur
828 819 971 884 Lucilius
990 819 1030 884 ab
1053 819 1107 903 iis,
1131 822 1188 904 qui
1211 842 1230 884 a
1256 842 1372 906 pecore

227 925 295 990 eius
314 925 443 1011 depasci
461 947 556 1011 egros
574 925 721 1010 publicos
736 925 887 1009 dicerent,
907 923 1006 991 “Non
1021 926 1094 991 est''
1109 927 1215 1011 inquit
1230 925 1373 994 “Lucilii

227 1053 324 1116 pecus
348 1032 437 1117 illud,
461 1032 598 1098 erratis’'
614 1031 841 1098 -defendere
864 1032 1026 1098 Lucilium
1044 1033 1215 1099 uidebatur
1232 1071 1270 1081 —
1287 1035 1372 1121 “ego

226 1138 365 1205 liberum
392 1142 472 1224 puto
500 1161 582 1224 esse,
613 1162 677 1224 qua
703 1138 784 1205 libet
811 1139 1000 1223 pascitur'’.’
1052 1137 1374 1223 (Lucullus-Luculli-

228 1246 398 1312 Lucullum
422 1243 642 1331 Horlcicmss.)

132 1372 228 1412 ramera
317 1350 352 1440 6)
375 1353 520 1419 Lucilius
542 1353 597 1417 lib.
616 1351 710 1417 XXII
732 1376 763 1418 u.
788 1351 854 1417 580
877 1352 993 1419 ‘Lucili
1017 1352 1188 1420 columella
1214 1354 1267 1419 hic
1293 1355 1374 1420 situs

227 1459 477 1544 Metrophanes’.
527 1482 557 1522 ιι.
577 1458 640 1524 581
663 1458 813 1524 ‘Pacilius
837 1460 1068 1544 tesorophylsx
1090 1465 1147 1545 pat
1148 1462 1202 1526 er.’
1253 1462 1308 1527 lib.
1326 1460 1374 1526 III

227 1591 258 1632 ιι.
278 1565 341 1631 105
366 1565 634 1650 ‘Symmachusn
650 1565 859 1631 ‚ffibubulcus
909 1566 965 1631 lib.
989 1565 1051 1631 XV
1075 1591 1105 1632 u.
1129 1566 1194 1633 512
1228 1568 1373 1634 ‘uilicum

227 1673 469 1739 Aristocraten'.

161 1802 227 1841 ιιι
317 1778 351 1857 7)
374 1778 533 1846 Asconius
552 1781 585 1845 in
606 1779 670 1846 Cic.
688 1779 795 1845 Pison.
814 1804 845 1865 p.
867 1780 917 1866 12,
932 1781 952 1845 9
967 1780 1006 1846 Κ.
1022 1779 1053 1846 S.
1075 1780 1230 1847 ‘Tradunt
1254 1786 1287 1848 et
1309 1781 1374 1847 An·

227 1888 328 1954 tiochi
345 1888 431 1975 regis
449 1887 518 1953 filio
538 1887 642 1953 obsidi
662 1888 793 1952 domum
811 1887 941 1972 publice
959 1887 1169 1973 aedificatam,
1190 1888 1275 1954 inter
1294 1910 1374 1973 quos

226 1993 355 2060 Atticus
379 1995 412 2059 in
435 1994 555 2060 annali:
585 2015 666 2079 quse
688 1998 802 2079 postes
825 1993 943 2059 dicitur
964 1994 1083 2060 Lucilii
1115 1992 1175 2081 (ita
1196 1993 1375 2062 Manutius:

227 2102 302 2168 lucii
325 2100 420 2188 codd)
444 2106 558 2186 poetae
580 2101 702 2166 fuisse’.

164 2246 227 2285 m„
316 2207 350 2296 8)
375 2206 496 2274 Gellius
519 2207 613 2273 XVII
632 2208 689 2292 21,
707 2207 751 2273 49
788 2230 828 2274 ex
864 2206 1002 2293 Nepotis
1041 2206 1181 2274 Cornelii
1217 2208 1375 2274 chronicis

228 2314 352 2400 ‘Neque
375 2337 493 2402 magno
516 2315 688 2381 interuallo
711 2318 825 2400 postea
845 2314 881 2392 Q.
900 2313 1034 2395 Ennius,
1058 2319 1091 2381 et
1110 2316 1200 2380 iuxta
1219 2314 1375 2382 Caecilius

227 2428 259 2488 et
281 2423 462 2507 Terentius,
489 2444 527 2488 ac
554 2422 690 2488 subinde
717 2425 750 2489 et
775 2421 950 2507 Pacuuius,
979 2426 1011 2487 et
1037 2421 1178 2487 Pacuuio
1208 2423 1271 2488 iam
1300 2445 1375 2489 sene

226 2528 343 2596 Accius
366 2529 546 2614 clariorque
569 2534 647 2596 tunc
670 2530 704 2594 in
727 2529 885 2614 poematis
909 2551 1020 2595 eorum
1045 2529 1262 2595 obtrectandis
1282 2529 1375 2595 Luci·

226 2636 290 2703 lius
313 2637 397 2703 fuit'.

316 2741 351 2830 9)
375 2743 518 2811 Velleius
536 2743 568 2809 Π
587 2744 656 2828 9,3
686 2741 783 2809 ‘clara
810 2742 908 2808 etiam
936 2766 995 2828 per
1022 2743 1107 2808 idem
1135 2744 1207 2809 aeui
1235 2744 1375 2828 spatium

226 2852 315 2917 fuere
343 2853 472 2937 ingenia
499 2852 532 2916 in
560 2852 681 2938 togatis
708 2848 837 2935 Afrani,
865 2851 898 2915 in
929 2850 1103 2938 tragoediis
1131 2849 1252 2916 Pacuui
1280 2854 1376 2936 atque

227 2954 306 3023 Aeci
321 3010 327 3022 .
344 3010 372 3024 ..
396 2959 520 3025 celebre
548 2963 581 3024 et
608 2957 712 3023 Lucili
740 2980 857 3024 nomen
885 2957 962 3044 fuit,
995 2958 1051 3043 qui
1084 2958 1143 3023 sub
1172 2956 1206 3021 Ρ.
1221 2956 1376 3023 Africano

227 3062 381 3130 Numant
358 3070 426 3131 tino
449 3063 535 3132 bello
558 3086 654 3149 eques
678 3063 896 3130 militauerat.

318 3171 374 3260 10)
397 3170 579 3237 Macrobius
598 3169 725 3236 Satura.
740 3169 787 3236 lll
808 3171 858 3255 16,
879 3170 981 3236 14..
1023 3170 1120 3237 etiam
1141 3170 1173 3235 Ο
1188 3170 1303 3255 Titius,
1325 3172 1377 3236 uir

227 3279 322 3344 aetat
314 3301 340 3344 rs
368 3279 566 3361 Lucilianae,
597 3279 632 3343 in
664 3300 720 3343 ora
721 3278 809 3343 tione
842 3298 905 3362 qua
937 3223 1042 3364 legem
1074 3277 1229 3343 Fanniam
1262 3276 1376 3365 (aiam

227 3382 372 3472 5931161)
392 3385 493 3451 suasit
478 3384 597 3451 t’.Oic.
616 3385 706 3450 Brut.
728 3384 789 3449 167
816 3383 931 3450 ‘...Q
947 3383 1052 3449 Titius
1145 3383 1301 3461 Quemt
1271 3386 1376 3450 stude·

227 3492 315 3557 bat
268 3492 378 3556 t1mit
379 3491 427 3556 ari
448 3491 484 3556 L
498 3489 652 3556 Afranius
675 3491 858 3576 poeta...',

27 3618 102 3657 Anne
77 3626 173 3710 uarro
170 3626 226 3709 por·
319 3595 375 3686 11)
398 3598 616 3683 Hieronymus
640 3598 747 3664 chron
767 3597 898 3663 adeun
917 3596 1068 3664 Abrahae
1089 3599 1175 3665 1916
1196 3595 1376 3685 (secundum

175 3673 615 3771 acroceramina
648 3706 777 3788 reliquis
804 3701 972 3790 611914)
1001 3702 1112 3770 ‘Gaius
1140 3706 1358 3772 Luciliust
1316 3704 1377 3792 (ite

226 3812 306 3879 codd
345 3811 530 3878 ocociensis
569 3818 599 3877 et
637 3812 868 3878 Beroiincasis:
905 3812 982 3892 conf
1009 3811 1117 3877 Ηιιιι.
1144 3813 1275 3879 XXIV
1293 3817 1377 3878 1889

221 3942 257 4003 p.
275 3924 354 3997 396;
379 3941 396 3985 c
417 3919 467 3985 uei
489 3921 582 4007 gaius
604 3919 709 3986 lucius
732 3916 858 4006 reliqui)
878 3921 1058 4001 satyrarum
1082 3919 1182 4003 script
1184 3940 1221 3984 or
1237 3917 1377 4004 Neapoli

228 4027 365 4093 moritur
387 4047 424 4092 ac
444 4026 575 4111 publico
593 4028 706 4092 funere
726 4027 857 4092 effertur
875 4047 958 4089 anno
978 4026 1092 4091 aetatis
1110 4024 1236 4090 XLVI'.
1261 4026 1378 4090 Αιιιιιιι

227 4141 272 4202 at
292 4134 404 4220 objrnp.
423 4140 493 4215 169,
511 4139 533 4200 3
550 4157 580 4200 ιι.
600 4155 623 4199 c.
643 4133 787 4219 652s653,
811 4134 951 4218 169116.
972 4131 1044 4198 Cirr.

318 4239 375 4330 12)
403 4239 514 4306 Cicero
546 4241 578 4305 in
607 4239 737 4326 dialogo
765 4240 804 4305 de
832 4244 957 4304 oratore
985 4262 1080 4324 quem
1107 4239 1254 4304 habitum
1281 4237 1378 4324 fingit

227 4371 310 4414 anno
348 4346 473 4433 sessor
513 4348 757 4413 interlocutores
795 4346 832 4411 de
864 4345 990 4411 Lucilio
1026 4344 1151 4412 inducit
1185 4345 1248 4409 hoc
1280 4345 1376 4410 modo

225 4456 394 4541 loquentes
417 4453 495 4518 172
524 4451 600 4519 ‘Sed
627 4458 665 4518 ut
691 4453 816 4518 solebat
842 4449 876 4516 Ο.
899 4451 1043 4518 Lucilius
1072 4473 1166 4538 saepe
1193 4451 1319 4518 dicere.
1335 4451 1376 4519 ..'
