3052 5024
229 316 327 370 LXXX
665 318 945 371 PROLEGOMENA.

231 479 346 562 omnis,
370 500 466 564 quam
491 483 523 544 et
545 479 722 544 cruminam
746 485 870 545 ueteres
891 479 1096 565 appellarunt
1114 484 1146 544 et
1165 484 1214 545 est
1233 481 1379 545 sacculus

229 586 270 651 ad
292 585 479 652 bracchium
501 586 664 672 pendens’.
702 584 729 664 Q
748 586 891 651 litteram
909 587 944 651 in
963 587 1074 652 ordine
1091 584 1295 671 alphabetico
1313 608 1379 651 non

229 694 377 779 agnoscit
399 691 535 759 Nonius.
580 691 666 758 Illud
693 692 830 778 denique
858 693 944 779 quod
972 694 1155 778 composuit
1182 698 1279 779 caput
1301 690 1380 757 XIII

230 801 269 865 de
296 821 413 887 genere
440 800 645 887 nauigiorum
673 822 749 865 mox
777 822 871 884 spero
899 802 969 866 fore
996 805 1034 866 ut
1055 800 1236 866 illustretur
1262 799 1380 866 emble

229 910 316 973 mate
338 907 549 972 uermiculato
574 907 630 972 illo
654 906 741 992 quod
763 908 931 972 inuentum
955 911 1004 972 est
1024 906 1190 974 Medeinae
1213 907 1379 991 parietinis

229 1036 296 1079 non
319 1013 433 1099 procul
456 1037 475 1078 a
496 1013 597 1080 Nonii
620 1013 726 1099 patria
750 1036 831 1099 quae
854 1014 934 1081 sitae
957 1018 1034 1081 sunt
1055 1015 1089 1079 in
1107 1013 1271 1094 Numidia,
1293 1034 1381 1079 nunc

231 1125 414 1187 asseruntur
437 1121 470 1186 in
493 1121 605 1186 Museo
629 1120 821 1205 Tunesiano,
843 1119 883 1186 de
907 1143 971 1205 quo
989 1140 1092 1206 pauca
1113 1119 1234 1205 passim
1258 1119 1380 1204 publici

228 1228 307 1294 iuris
331 1229 476 1293 fecerunt
499 1226 601 1293 ueluti
627 1227 662 1292 in
684 1226 907 1314 Darembergii
935 1231 967 1291 et
997 1224 1158 1312 Saglionis
1186 1226 1326 1293 Diction.
1350 1227 1379 1291 d.

228 1334 327 1419 antiq.
348 1358 371 1401 s.
390 1359 420 1400 u.
438 1334 532 1400 horia
554 1334 608 1419 fig.
628 1332 714 1398 3881
744 1333 829 1419 apud
857 1332 1039 1399 Vahlenum
1072 1332 1112 1396 ad
1143 1332 1242 1400 Ennii
1275 1333 1379 1399 annal.

231 1465 261 1505 u.
280 1440 346 1506 478
369 1441 405 1506 in
428 1440 582 1528 Oetalogo
606 1440 689 1504 Mus.
707 1437 826 1505 Alaoui
844 1438 860 1504 I
878 1439 970 1505 Paris
990 1439 1075 1504 1897
1095 1463 1126 1525 p.
1145 1440 1197 1505 32.

319 1546 428 1633 Atque
454 1548 613 1613 Martinus
640 1547 740 1613 Hertz
771 1550 943 1633 postquam
976 1547 1105 1613 edocuit
1136 1549 1239 1613 annal.
1267 1547 1378 1634 philol.

229 1653 381 1720 LXXXV
398 1654 483 1720 1862
497 1679 527 1741 p.
540 1654 603 1719 705
615 1676 701 1739 seqq.
716 1658 750 1720 et
761 1677 792 1738 p.
808 1654 871 1719 779
882 1677 968 1739 seqq.
985 1653 1147 1739 quomodo
1161 1653 1289 1721 Nonius
1303 1679 1380 1722 usus

229 1761 329 1827 fuerit
360 1760 479 1847 Gellio,
510 1760 693 1827 Alexander
724 1760 821 1826 Riese
853 1762 887 1825 in
915 1760 1059 1846 Symbol
1086 1760 1199 1846 philol.
1227 1762 1328 1828 Bonn.
1348 1761 1380 1827 Π

230 1868 317 1953 Lips.
339 1869 424 1933 1867
448 1892 478 1954 p.
497 1868 564 1933 482
575 1890 660 1953 seqq.
684 1869 841 1934 nonnulla
858 1872 944 1934 recte
963 1868 1002 1934 de
1021 1869 1255 1954 compositione
1274 1871 1380 1955 operis

228 1974 371 2041 Noniani
400 1976 527 2060 statuit,
559 1974 661 2039 ueluti
690 1974 817 2039 ordines
845 1975 1039 2060 scriptorum
1067 1974 1240 2041 eorundem
1269 1975 1379 2042 eodem

230 2104 356 2168 semper
382 2083 448 2147 fere
475 2080 646 2168 procedere
675 2080 786 2146 ordine
814 2082 1005 2147 obseruauit.
1057 2080 1121 2159 Qui
1148 2082 1278 2148 scholiis
1306 2083 1381 2148 scri·

230 2192 361 2274 ptorum
385 2188 567 2275 suspicatus
590 2190 640 2253 est
660 2185 805 2253 Nonium
829 2190 892 2273 uti,
919 2188 1003 2255 unde
1027 2210 1108 2273 opus
1135 2210 1228 2254 suurn
1256 2189 1381 2254 auxerit

230 2296 275 2383 (p.
294 2296 368 2362 484.
387 2294 479 2383 485),
501 2296 644 2361 tabulam
668 2294 805 2380 denique
830 2295 1001 2381 proposuit
1022 2318 1052 2380 p.
1071 2295 1146 2380 486,
1170 2296 1260 2361 cuius
1283 2316 1381 2381 opera

229 2403 342 2469 lectori
360 2404 528 2488 patefieret
545 2404 748 2490 grammatici
766 2403 858 2469 ratio.
887 2402 1012 2468 Eodem
1027 2403 1062 2467 in
1075 2402 1160 2468 libro
1174 2426 1204 2488 p.
1220 2402 1285 2467 809
1291 2423 1378 2486 seqq.

230 2511 363 2576 eandem
379 2512 599 2596 quaestionem
614 2511 756 2596 suscepit
768 2508 1381 2576 tractandamAIfredusSchottmueller

229 2640 347 2705 magno
367 2639 440 2683 cum
458 2619 566 2684 fructu
586 2619 643 2703 qui
661 2642 691 2703 p.
707 2618 770 2683 827
791 2616 1059 2684 demonstraucrit
1077 2617 1173 2683 etiam
1192 2617 1227 2682 in
1244 2617 1380 2704 singulis

230 2726 346 2811 glossis
365 2724 434 2791 siue
452 2726 613 2791 lemmatis
632 2725 767 2791 cundem
782 2726 886 2791 redire
900 2724 1045 2790 ordinem
1060 2724 1264 2810 scriptorum,
1283 2746 1378 2808 quem

230 2832 362 2897 omnino
381 2833 415 2897 in
434 2836 503 2898 tota
521 2833 603 2899 serie
622 2833 814 2918 scriptorum
833 2836 979 2899 accurate
999 2836 1126 2897 secutus
1145 2831 1194 2897 sit.
1232 2831 1380 2915 Denique

229 2961 259 3023 p.
276 2939 339 3004 831
373 2939 522 3005 adfirmat
553 2939 681 3026 singula
712 2944 892 3005 saturarum
919 2939 1075 3005 Varronis
1107 2939 1287 3025 fragmenta
1315 2960 1379 3022 quo

230 3045 341 3110 ordine
365 3045 399 3109 in
417 3044 519 3111 Nonii
542 3045 651 3112 codice
675 3068 769 3130 quem
793 3046 977 3112 adhibuerit
999 3067 1068 3112 sese
1087 3046 1270 3130 exceperint
1291 3044 1379 3110 facili

230 3174 327 3238 opera
349 3174 445 3238 posse
468 3152 689 3219 demonstrari.
734 3152 815 3219 Rem
840 3152 1046 3219 aRitschelii
1066 3152 1232 3237 discipulis
1254 3151 1379 3217 duobus

229 3259 310 3324 bene
333 3264 367 3325 et
388 3282 541 3346 prospero
564 3260 747 3326 inchoatam
770 3261 811 3325 ab
835 3260 945 3326 ordine
966 3257 1234 3345 philosophorum
1253 3258 1379 3323 uniuer-

231 3367 335 3432 sitatis
359 3365 622 3434 Vratislauiensis
650 3389 721 3433 cum
750 3368 879 3452 pubh‘ce
906 3370 1140 3452 proponeretur
1167 3366 1312 3449 quaestio
1340 3365 1379 3431 do

231 3472 463 3557 compositione
487 3478 519 3538 et
542 3474 726 3540 auctoribus
755 3475 861 3559 operis
883 3472 1026 3540 Noniani
1049 3472 1305 3557 pertractandam
1329 3494 1380 3537 su·

231 3578 333 3663 scepit
356 3577 476 3643 Paulus
496 3577 642 3644 Schmidt
660 3578 793 3645 Martini
811 3579 935 3645 Hertzii
958 3584 992 3646 61
1008 3579 1170 3645 Francisoi
1190 3578 1379 3645 Buecheleri

231 3684 422 3769 discipulus,
453 3686 544 3751 cuius
577 3685 768 3772 opusculum
801 3686 853 3752 ‘de
883 3685 984 3752 Nonii
1015 3686 1160 3752 Marcelli
1192 3686 1378 3753 auctoribus

232 3790 464 3876 grammaticis’
487 3793 608 3878 prodiit
631 3815 670 3859 ex
693 3793 823 3860 officina
846 3792 1006 3859 Teubnen'
1026 3793 1155 3878 Lipsiae
1177 3792 1271 3858 1868.
1317 3791 1379 3870 Qui

231 3898 270 3963 de
294 3920 351 3964 sua
374 3898 481 3985 opella
503 3921 628 3966 summa
650 3899 796 3984 loquitur
818 3899 988 3979 modestia,
1013 3900 1048 3966 in
1070 3898 1256 3966 auctoribus
1278 3897 1380 3964 Nonii

231 4005 421 4094 indagandis
445 4028 575 4093 operam
599 4010 632 4072 et
655 4005 762 4072 oleum
782 4007 864 4072 mihi
882 4006 1011 4072 uidetur
1027 4005 1214 4092 perdidisse,
1237 4006 1277 4072 (16
1294 4027 1380 4072 com-

229 4114 390 4199 positione
419 4115 524 4199 operis
550 4113 732 4200 indaganda
754 4118 863 4180 tamen
885 4113 1007 4199 optime
1029 4114 1149 4179 meruit
1171 4135 1249 4178 usus
1271 4111 1380 4179 Riesei

231 4225 264 4285 et
278 4219 540 4287 Schottmuelleri
557 4220 696 4286 feliciter
713 4221 861 4288 inuentis.
898 4219 1008 4287 Veluti
1027 4245 1057 4307 p.
1072 4222 1094 4287 5
1111 4222 1192 4287 haec
1209 4221 1380 4305 proposuit

231 4327 282 4392 nir
305 4328 430 4395 doctus:
455 4328 506 4393 ‘in
528 4328 714 4393 uniuersum
737 4328 838 4414 igitur
859 4329 971 4416 negari
993 4329 1106 4413 nequit
1124 4326 1268 4394 Nonium
1291 4327 1381 4392 testi-

232 4434 341 4499 monia
358 4457 396 4500 eo
415 4437 604 4521 plerumque
619 4434 731 4501 ordine
743 4435 896 4521 proferre,
914 4457 978 4520 quo
997 4436 1082 4521 apud
1101 4435 1191 4521 ipsos
1207 4435 1381 4519 scriptores
