<?xml version="1.0" encoding="UTF-8"?>
<!DOCTYPE html PUBLIC "-//W3C//DTD XHTML 1.0 Transitional//EN"
    "http://www.w3.org/TR/xhtml1/DTD/xhtml1-transitional.dtd">
<html xmlns="http://www.w3.org/1999/xhtml" xml:lang="en" lang="en">
 <head>
  <title>
</title>
<meta http-equiv="Content-Type" content="text/html;charset=utf-8" />
  <meta name='ocr-system' content='tesseract 3.04.00' />
  <meta name='ocr-capabilities' content='ocr_page ocr_carea ocr_par ocr_line ocrx_word'/>
</head>
<body>
  <div class='ocr_page' id='page_1' title='image "./cluciliicarminu01lucigoog_0011.png"; bbox 0 0 3052 5024; ppageno 0'>
   <div class='ocr_carea' id='block_1_1' title="bbox 211 272 251 326">
    <p class='ocr_par' dir='ltr' id='par_1_1' title="bbox 211 272 251 326">
     <span class='ocr_line' id='line_1_1' title="bbox 211 272 251 326; baseline 0 0"><span class='ocrx_word' id='word_1_1' title='bbox 211 272 251 326; x_wconf 89' lang='lat' dir='ltr'><strong>VI</strong></span> 
     </span>
    </p>
   </div>
   <div class='ocr_carea' id='block_1_2' title="bbox 212 433 1366 2379">
    <p class='ocr_par' dir='ltr' id='par_1_2' title="bbox 212 433 1364 1100">
     <span class='ocr_line' id='line_1_2' title="bbox 212 433 1360 519; baseline -0.003 -20"><span class='ocrx_word' id='word_1_2' title='bbox 212 435 317 501; x_wconf 90' lang='lat' dir='ltr'><strong>iudice</strong></span> <span class='ocrx_word' id='word_1_3' title='bbox 344 456 462 519; x_wconf 91' lang='lat' dir='ltr'><strong>ponere</strong></span> <span class='ocrx_word' id='word_1_4' title='bbox 490 436 525 499; x_wconf 90' lang='lat' dir='ltr'><strong>in</strong></span> <span class='ocrx_word' id='word_1_5' title='bbox 551 435 696 518; x_wconf 89' lang='lat' dir='ltr'><strong>reliquiis</strong></span> <span class='ocrx_word' id='word_1_6' title='bbox 724 435 802 519; x_wconf 88' lang='lat' dir='ltr'><strong>ipsis</strong></span> <span class='ocrx_word' id='word_1_7' title='bbox 831 435 1023 518; x_wconf 76' lang='lat' dir='ltr'><strong>carminum,</strong></span> <span class='ocrx_word' id='word_1_8' title='bbox 1045 433 1140 497; x_wconf 92' lang='lat' dir='ltr'><strong>modo</strong></span> <span class='ocrx_word' id='word_1_9' title='bbox 1170 456 1210 497; x_wconf 92' lang='lat' dir='ltr'><strong>ne</strong></span> <span class='ocrx_word' id='word_1_10' title='bbox 1233 433 1360 497; x_wconf 88' lang='lat' dir='ltr'><strong>credere</strong></span> 
     </span>
     <span class='ocr_line' id='line_1_3' title="bbox 212 547 1361 635; baseline -0.003 -20"><span class='ocrx_word' id='word_1_11' title='bbox 212 551 316 635; x_wconf 79' lang='lat' dir='ltr'>possit</span> <span class='ocrx_word' id='word_1_12' title='bbox 342 552 445 616; x_wconf 91' lang='lat' dir='ltr'><strong>lector</strong></span> <span class='ocrx_word' id='word_1_13' title='bbox 471 573 539 615; x_wconf 90' lang='lat' dir='ltr'><strong>esse</strong></span> <span class='ocrx_word' id='word_1_14' title='bbox 567 573 605 614; x_wconf 90' lang='lat' dir='ltr'><strong>ea</strong></span> <span class='ocrx_word' id='word_1_15' title='bbox 631 551 809 635; x_wconf 88' lang='lat' dir='ltr'><strong>antiquitus</strong></span> <span class='ocrx_word' id='word_1_16' title='bbox 832 551 958 615; x_wconf 89' lang='lat' dir='ltr'><strong>tradita.</strong></span> <span class='ocrx_word' id='word_1_17' title='bbox 1003 547 1148 615; x_wconf 88' lang='lat' dir='ltr'><strong>Incertae</strong></span> <span class='ocrx_word' id='word_1_18' title='bbox 1171 549 1254 613; x_wconf 90' lang='lat' dir='ltr'><strong>sedis</strong></span> <span class='ocrx_word' id='word_1_19' title='bbox 1277 549 1361 634; x_wconf 89' lang='lat' dir='ltr'><strong>frag-</strong></span> 
     </span>
     <span class='ocr_line' id='line_1_4' title="bbox 213 666 1362 750; baseline -0.002 -19"><span class='ocrx_word' id='word_1_20' title='bbox 213 671 321 731; x_wconf 91' lang='lat' dir='ltr'><strong>menta</strong></span> <span class='ocrx_word' id='word_1_21' title='bbox 343 687 407 750; x_wconf 92' lang='lat' dir='ltr'><strong>quo</strong></span> <span class='ocrx_word' id='word_1_22' title='bbox 431 666 557 730; x_wconf 76' lang='lat' dir='ltr'><strong>facilius</strong></span> <span class='ocrx_word' id='word_1_23' title='bbox 580 666 786 730; x_wconf 76' lang='lat' dir='ltr'><strong>inueniuntur</strong></span> <span class='ocrx_word' id='word_1_24' title='bbox 804 689 823 730; x_wconf 90' lang='lat' dir='ltr'><strong>a</strong></span> <span class='ocrx_word' id='word_1_25' title='bbox 841 667 1068 749; x_wconf 77' lang='lat' dir='ltr'><strong>quaerentibus</strong></span> <span class='ocrx_word' id='word_1_26' title='bbox 1087 666 1233 730; x_wconf 86' lang='lat' dir='ltr'><strong>ordinaui</strong></span> <span class='ocrx_word' id='word_1_27' title='bbox 1252 685 1362 730; x_wconf 89' lang='lat' dir='ltr'><strong>secun-</strong></span> 
     </span>
     <span class='ocr_line' id='line_1_5' title="bbox 214 781 1361 867; baseline -0.001 -22"><span class='ocrx_word' id='word_1_28' title='bbox 214 781 290 846; x_wconf 93' lang='lat' dir='ltr'><strong>dum</strong></span> <span class='ocrx_word' id='word_1_29' title='bbox 312 783 449 846; x_wconf 88' lang='lat' dir='ltr'><strong>litteras:</strong></span> <span class='ocrx_word' id='word_1_30' title='bbox 477 783 624 865; x_wconf 83' lang='lat' dir='ltr'><strong>inprimis</strong></span> <span class='ocrx_word' id='word_1_31' title='bbox 652 783 829 847; x_wconf 89' lang='lat' dir='ltr'><strong>cauendum</strong></span> <span class='ocrx_word' id='word_1_32' title='bbox 853 805 921 847; x_wconf 90' lang='lat' dir='ltr'><strong>esse</strong></span> <span class='ocrx_word' id='word_1_33' title='bbox 944 783 1035 867; x_wconf 81' lang='lat' dir='ltr'><strong>duxi,</strong></span> <span class='ocrx_word' id='word_1_34' title='bbox 1061 804 1102 847; x_wconf 89' lang='lat' dir='ltr'><strong>ne</strong></span> <span class='ocrx_word' id='word_1_35' title='bbox 1132 786 1251 846; x_wconf 87' lang='lat' dir='ltr'><strong>temere</strong></span> <span class='ocrx_word' id='word_1_36' title='bbox 1274 784 1361 846; x_wconf 88' lang='lat' dir='ltr'><strong>certo</strong></span> 
     </span>
     <span class='ocr_line' id='line_1_6' title="bbox 213 897 1364 983; baseline -0.002 -22"><span class='ocrx_word' id='word_1_37' title='bbox 213 898 310 962; x_wconf 88' lang='lat' dir='ltr'><strong>alicui</strong></span> <span class='ocrx_word' id='word_1_38' title='bbox 345 898 429 962; x_wconf 88' lang='lat' dir='ltr'><strong>libro</strong></span> <span class='ocrx_word' id='word_1_39' title='bbox 466 899 544 963; x_wconf 87' lang='lat' dir='ltr'><strong>talia</strong></span> <span class='ocrx_word' id='word_1_40' title='bbox 579 899 764 964; x_wconf 89' lang='lat' dir='ltr'><strong>tribuantur</strong></span> <span class='ocrx_word' id='word_1_41' title='bbox 799 921 863 983; x_wconf 92' lang='lat' dir='ltr'><strong>quo</strong></span> <span class='ocrx_word' id='word_1_42' title='bbox 900 899 1050 983; x_wconf 74' lang='lat' dir='ltr'><strong>perfacile</strong></span> <span class='ocrx_word' id='word_1_43' title='bbox 1089 899 1244 962; x_wconf 81' lang='lat' dir='ltr'><strong>deducere</strong></span> <span class='ocrx_word' id='word_1_44' title='bbox 1281 897 1364 961; x_wconf 89' lang='lat' dir='ltr'><strong>solet</strong></span> 
     </span>
     <span class='ocr_line' id='line_1_7' title="bbox 214 1013 1085 1100; baseline 0 -22"><span class='ocrx_word' id='word_1_45' title='bbox 214 1014 353 1078; x_wconf 75' lang='lat' dir='ltr'><strong>editores</strong></span> <span class='ocrx_word' id='word_1_46' title='bbox 375 1013 629 1100; x_wconf 75' lang='lat' dir='ltr'><strong>fragmentorum</strong></span> <span class='ocrx_word' id='word_1_47' title='bbox 651 1036 737 1080; x_wconf 90' lang='lat' dir='ltr'><strong>noua</strong></span> <span class='ocrx_word' id='word_1_48' title='bbox 760 1016 895 1080; x_wconf 88' lang='lat' dir='ltr'><strong>docendi</strong></span> <span class='ocrx_word' id='word_1_49' title='bbox 919 1016 1085 1098; x_wconf 87' lang='lat' dir='ltr'><strong>cupiditas.</strong></span> 
     </span>
    </p>

    <p class='ocr_par' dir='ltr' id='par_1_3' title="bbox 213 1126 1366 2379">
     <span class='ocr_line' id='line_1_8' title="bbox 306 1126 1364 1216; baseline -0.002 -23"><span class='ocrx_word' id='word_1_50' title='bbox 306 1126 394 1213; x_wconf 89' lang='lat' dir='ltr'><strong>Opus</strong></span> <span class='ocrx_word' id='word_1_51' title='bbox 426 1130 491 1194; x_wconf 91' lang='lat' dir='ltr'><strong>iam</strong></span> <span class='ocrx_word' id='word_1_52' title='bbox 523 1134 598 1196; x_wconf 89' lang='lat' dir='ltr'><strong>ante</strong></span> <span class='ocrx_word' id='word_1_53' title='bbox 626 1131 705 1196; x_wconf 90' lang='lat' dir='ltr'><strong>duos</strong></span> <span class='ocrx_word' id='word_1_54' title='bbox 735 1153 837 1196; x_wconf 87' lang='lat' dir='ltr'><strong>annos</strong></span> <span class='ocrx_word' id='word_1_55' title='bbox 865 1131 1044 1216; x_wconf 78' lang='lat' dir='ltr'><strong>perfectum</strong></span> <span class='ocrx_word' id='word_1_56' title='bbox 1077 1133 1256 1195; x_wconf 86' lang='lat' dir='ltr'><strong>remoratae</strong></span> <span class='ocrx_word' id='word_1_57' title='bbox 1287 1131 1364 1192; x_wconf 89' lang='lat' dir='ltr'><strong>sunt</strong></span> 
     </span>
     <span class='ocr_line' id='line_1_9' title="bbox 213 1245 1363 1334; baseline -0.002 -23"><span class='ocrx_word' id='word_1_58' title='bbox 213 1266 317 1311; x_wconf 88' lang='lat' dir='ltr'><strong>nouae</strong></span> <span class='ocrx_word' id='word_1_59' title='bbox 341 1268 423 1330; x_wconf 88' lang='lat' dir='ltr'><strong>quae</strong></span> <span class='ocrx_word' id='word_1_60' title='bbox 446 1249 502 1310; x_wconf 90' lang='lat' dir='ltr'><strong>aut</strong></span> <span class='ocrx_word' id='word_1_61' title='bbox 525 1248 777 1331; x_wconf 84' lang='lat' dir='ltr'><strong>expectabantur</strong></span> <span class='ocrx_word' id='word_1_62' title='bbox 807 1252 863 1313; x_wconf 91' lang='lat' dir='ltr'><strong>aut</strong></span> <span class='ocrx_word' id='word_1_63' title='bbox 890 1251 1109 1334; x_wconf 90' lang='lat' dir='ltr'><strong>prouenerunt</strong></span> <span class='ocrx_word' id='word_1_64' title='bbox 1134 1247 1168 1311; x_wconf 96' lang='lat' dir='ltr'><strong>in</strong></span> <span class='ocrx_word' id='word_1_65' title='bbox 1196 1245 1363 1330; x_wconf 87' lang='lat' dir='ltr'><strong>publicum</strong></span> 
     </span>
     <span class='ocr_line' id='line_1_10' title="bbox 216 1360 1365 1451; baseline -0.002 -24"><span class='ocrx_word' id='word_1_66' title='bbox 216 1362 316 1427; x_wconf 81' lang='lat' dir='ltr'><strong>Ennii</strong></span> <span class='ocrx_word' id='word_1_67' title='bbox 346 1361 447 1428; x_wconf 89' lang='lat' dir='ltr'><strong>Nonii</strong></span> <span class='ocrx_word' id='word_1_68' title='bbox 480 1360 574 1427; x_wconf 77' lang='lat' dir='ltr'><strong>Gellii</strong></span> <span class='ocrx_word' id='word_1_69' title='bbox 611 1363 854 1430; x_wconf 85' lang='lat' dir='ltr'><strong>scholiastarum</strong></span> <span class='ocrx_word' id='word_1_70' title='bbox 887 1363 1023 1451; x_wconf 80' lang='lat' dir='ltr'><strong>Vergilii</strong></span> <span class='ocrx_word' id='word_1_71' title='bbox 1059 1362 1203 1428; x_wconf 81' lang='lat' dir='ltr'><strong>Terentii</strong></span> <span class='ocrx_word' id='word_1_72' title='bbox 1236 1360 1365 1426; x_wconf 90' lang='lat' dir='ltr'><strong>Horatii</strong></span> 
     </span>
     <span class='ocr_line' id='line_1_11' title="bbox 218 1477 1365 1565; baseline -0.001 -22"><span class='ocrx_word' id='word_1_73' title='bbox 218 1477 375 1543; x_wconf 89' lang='lat' dir='ltr'><strong>editiones</strong></span> <span class='ocrx_word' id='word_1_74' title='bbox 390 1500 525 1562; x_wconf 87' lang='lat' dir='ltr'><strong>quarum</strong></span> <span class='ocrx_word' id='word_1_75' title='bbox 540 1479 697 1543; x_wconf 91' lang='lat' dir='ltr'><strong>rationem</strong></span> <span class='ocrx_word' id='word_1_76' title='bbox 711 1479 812 1544; x_wconf 91' lang='lat' dir='ltr'><strong>habui</strong></span> <span class='ocrx_word' id='word_1_77' title='bbox 826 1483 983 1564; x_wconf 87' lang='lat' dir='ltr'><strong>quatenus</strong></span> <span class='ocrx_word' id='word_1_78' title='bbox 997 1481 1103 1565; x_wconf 93' lang='lat' dir='ltr'><strong>potui:</strong></span> <span class='ocrx_word' id='word_1_79' title='bbox 1116 1500 1232 1563; x_wconf 89' lang='lat' dir='ltr'><strong>nempe</strong></span> <span class='ocrx_word' id='word_1_80' title='bbox 1245 1500 1365 1544; x_wconf 89' lang='lat' dir='ltr'><strong>nouam</strong></span> 
     </span>
     <span class='ocr_line' id='line_1_12' title="bbox 218 1593 1364 1681; baseline -0.001 -23"><span class='ocrx_word' id='word_1_81' title='bbox 218 1593 471 1660; x_wconf 88' lang='lat' dir='ltr'><strong>Pseudoacronis</strong></span> <span class='ocrx_word' id='word_1_82' title='bbox 500 1595 673 1660; x_wconf 90' lang='lat' dir='ltr'><strong>editionem</strong></span> <span class='ocrx_word' id='word_1_83' title='bbox 701 1595 736 1660; x_wconf 91' lang='lat' dir='ltr'><strong>in</strong></span> <span class='ocrx_word' id='word_1_84' title='bbox 763 1619 801 1661; x_wconf 90' lang='lat' dir='ltr'><strong>ea</strong></span> <span class='ocrx_word' id='word_1_85' title='bbox 829 1600 920 1681; x_wconf 90' lang='lat' dir='ltr'><strong>parte</strong></span> <span class='ocrx_word' id='word_1_86' title='bbox 949 1595 1159 1681; x_wconf 85' lang='lat' dir='ltr'><strong>praefationis</strong></span> <span class='ocrx_word' id='word_1_87' title='bbox 1189 1616 1270 1679; x_wconf 89' lang='lat' dir='ltr'><strong>quae</strong></span> <span class='ocrx_word' id='word_1_88' title='bbox 1300 1595 1364 1658; x_wconf 93' lang='lat' dir='ltr'><strong>iam</strong></span> 
     </span>
     <span class='ocr_line' id='line_1_13' title="bbox 215 1710 1365 1797; baseline -0.001 -22"><span class='ocrx_word' id='word_1_89' title='bbox 215 1711 357 1796; x_wconf 87' lang='lat' dir='ltr'><strong>perfecta</strong></span> <span class='ocrx_word' id='word_1_90' title='bbox 380 1715 448 1776; x_wconf 90' lang='lat' dir='ltr'><strong>erat</strong></span> <span class='ocrx_word' id='word_1_91' title='bbox 470 1733 489 1774; x_wconf 87' lang='lat' dir='ltr'><strong>a</strong></span> <span class='ocrx_word' id='word_1_92' title='bbox 511 1711 643 1776; x_wconf 88' lang='lat' dir='ltr'><strong>librario</strong></span> <span class='ocrx_word' id='word_1_93' title='bbox 663 1734 730 1777; x_wconf 88' lang='lat' dir='ltr'><strong>non</strong></span> <span class='ocrx_word' id='word_1_94' title='bbox 749 1712 814 1777; x_wconf 89' lang='lat' dir='ltr'><strong>iam</strong></span> <span class='ocrx_word' id='word_1_95' title='bbox 832 1713 925 1797; x_wconf 89' lang='lat' dir='ltr'><strong>potui</strong></span> <span class='ocrx_word' id='word_1_96' title='bbox 943 1711 1103 1776; x_wconf 88' lang='lat' dir='ltr'><strong>adhibere.</strong></span> <span class='ocrx_word' id='word_1_97' title='bbox 1145 1710 1239 1788; x_wconf 87' lang='lat' dir='ltr'><strong>Quod</strong></span> <span class='ocrx_word' id='word_1_98' title='bbox 1256 1715 1365 1775; x_wconf 88' lang='lat' dir='ltr'><strong>tamen</strong></span> 
     </span>
     <span class='ocr_line' id='line_1_14' title="bbox 216 1827 1365 1913; baseline 0 -22"><span class='ocrx_word' id='word_1_99' title='bbox 216 1849 284 1892; x_wconf 90' lang='lat' dir='ltr'><strong>non</strong></span> <span class='ocrx_word' id='word_1_100' title='bbox 311 1849 429 1912; x_wconf 85' lang='lat' dir='ltr'><strong>magno</strong></span> <span class='ocrx_word' id='word_1_101' title='bbox 460 1849 532 1892; x_wconf 89' lang='lat' dir='ltr'><strong>oum</strong></span> <span class='ocrx_word' id='word_1_102' title='bbox 561 1829 677 1894; x_wconf 90' lang='lat' dir='ltr'><strong>damno</strong></span> <span class='ocrx_word' id='word_1_103' title='bbox 707 1828 823 1893; x_wconf 88' lang='lat' dir='ltr'><strong>accidit</strong></span> <span class='ocrx_word' id='word_1_104' title='bbox 850 1827 1086 1913; x_wconf 84' lang='lat' dir='ltr'><strong>disputationis.</strong></span> <span class='ocrx_word' id='word_1_105' title='bbox 1138 1827 1187 1892; x_wconf 84' lang='lat' dir='ltr'><strong>Eo</strong></span> <span class='ocrx_word' id='word_1_106' title='bbox 1211 1827 1365 1892; x_wconf 88' lang='lat' dir='ltr'><strong>maiorem</strong></span> 
     </span>
     <span class='ocr_line' id='line_1_15' title="bbox 218 1943 1366 2029; baseline -0.002 -21"><span class='ocrx_word' id='word_1_107' title='bbox 218 1943 354 2029; x_wconf 82' lang='lat' dir='ltr'><strong>gratiam</strong></span> <span class='ocrx_word' id='word_1_108' title='bbox 381 1943 499 2008; x_wconf 91' lang='lat' dir='ltr'><strong>habere</strong></span> <span class='ocrx_word' id='word_1_109' title='bbox 527 1966 586 2028; x_wconf 91' lang='lat' dir='ltr'><strong>par</strong></span> <span class='ocrx_word' id='word_1_110' title='bbox 613 1949 661 2009; x_wconf 91' lang='lat' dir='ltr'><strong>est</strong></span> <span class='ocrx_word' id='word_1_111' title='bbox 689 1945 735 2009; x_wconf 88' lang='lat' dir='ltr'><strong>eis</strong></span> <span class='ocrx_word' id='word_1_112' title='bbox 763 1945 842 2008; x_wconf 88' lang='lat' dir='ltr'><strong>uiris</strong></span> <span class='ocrx_word' id='word_1_113' title='bbox 871 1944 988 2028; x_wconf 83' lang='lat' dir='ltr'><strong>doctis,</strong></span> <span class='ocrx_word' id='word_1_114' title='bbox 1018 1945 1074 2027; x_wconf 91' lang='lat' dir='ltr'><strong>qui</strong></span> <span class='ocrx_word' id='word_1_115' title='bbox 1101 1945 1139 2008; x_wconf 94' lang='lat' dir='ltr'><strong>de</strong></span> <span class='ocrx_word' id='word_1_116' title='bbox 1163 1944 1310 2010; x_wconf 91' lang='lat' dir='ltr'><strong>codicum</strong></span> <span class='ocrx_word' id='word_1_117' title='bbox 1334 1946 1366 2006; x_wconf 91' lang='lat' dir='ltr'><strong>et</strong></span> 
     </span>
     <span class='ocr_line' id='line_1_16' title="bbox 218 2059 1365 2145; baseline 0 -23"><span class='ocrx_word' id='word_1_118' title='bbox 218 2059 466 2144; x_wconf 87' lang='lat' dir='ltr'><strong>inscriptionum</strong></span> <span class='ocrx_word' id='word_1_119' title='bbox 498 2060 691 2125; x_wconf 90' lang='lat' dir='ltr'><strong>lectionibus</strong></span> <span class='ocrx_word' id='word_1_120' title='bbox 725 2060 893 2125; x_wconf 84' lang='lat' dir='ltr'><strong>certiorem</strong></span> <span class='ocrx_word' id='word_1_121' title='bbox 925 2082 976 2125; x_wconf 88' lang='lat' dir='ltr'><strong>me</strong></span> <span class='ocrx_word' id='word_1_122' title='bbox 1008 2060 1154 2125; x_wconf 85' lang='lat' dir='ltr'><strong>fecerunt</strong></span> <span class='ocrx_word' id='word_1_123' title='bbox 1184 2063 1365 2145; x_wconf 84' lang='lat' dir='ltr'><strong>rogantem:</strong></span> 
     </span>
     <span class='ocr_line' id='line_1_17' title="bbox 217 2173 1365 2242; baseline -0.001 -3"><span class='ocrx_word' id='word_1_124' title='bbox 217 2174 319 2240; x_wconf 90' lang='lat' dir='ltr'><strong>Paulo</strong></span> <span class='ocrx_word' id='word_1_125' title='bbox 344 2173 523 2242; x_wconf 78' lang='lat' dir='ltr'><strong>Gaucklero</strong></span> <span class='ocrx_word' id='word_1_126' title='bbox 547 2175 730 2242; x_wconf 79' lang='lat' dir='ltr'><strong>Christiano</strong></span> <span class='ocrx_word' id='word_1_127' title='bbox 753 2175 917 2242; x_wconf 86' lang='lat' dir='ltr'><strong>Huelseno</strong></span> <span class='ocrx_word' id='word_1_128' title='bbox 941 2176 1041 2242; x_wconf 90' lang='lat' dir='ltr'><strong>Paulo</strong></span> <span class='ocrx_word' id='word_1_129' title='bbox 1060 2175 1241 2241; x_wconf 88' lang='lat' dir='ltr'><strong>Wessnero.</strong></span> <span class='ocrx_word' id='word_1_130' title='bbox 1283 2174 1365 2239; x_wconf 80' lang='lat' dir='ltr'><strong>&#39;lum</strong></span> 
     </span>
     <span class='ocr_line' id='line_1_18' title="bbox 219 2292 1365 2379; baseline 0 -24"><span class='ocrx_word' id='word_1_131' title='bbox 219 2292 274 2375; x_wconf 92' lang='lat' dir='ltr'><strong>qui</strong></span> <span class='ocrx_word' id='word_1_132' title='bbox 310 2293 438 2356; x_wconf 90' lang='lat' dir='ltr'><strong>nouerit</strong></span> <span class='ocrx_word' id='word_1_133' title='bbox 468 2294 597 2376; x_wconf 87' lang='lat' dir='ltr'><strong>quantis</strong></span> <span class='ocrx_word' id='word_1_134' title='bbox 629 2294 812 2379; x_wconf 87' lang='lat' dir='ltr'><strong>sumptibus</strong></span> <span class='ocrx_word' id='word_1_135' title='bbox 844 2295 879 2359; x_wconf 90' lang='lat' dir='ltr'><strong>in</strong></span> <span class='ocrx_word' id='word_1_136' title='bbox 910 2294 971 2358; x_wconf 90' lang='lat' dir='ltr'><strong>hac</strong></span> <span class='ocrx_word' id='word_1_137' title='bbox 1002 2294 1081 2358; x_wconf 90' lang='lat' dir='ltr'><strong>urbe</strong></span> <span class='ocrx_word' id='word_1_138' title='bbox 1113 2297 1177 2357; x_wconf 88' lang='lat' dir='ltr'><strong>stet</strong></span> <span class='ocrx_word' id='word_1_139' title='bbox 1207 2292 1365 2356; x_wconf 87' lang='lat' dir='ltr'><strong>librorum</strong></span> 
     </span>
    </p>
   </div>
   <div class='ocr_carea' id='block_1_3' title="bbox 218 2407 1367 2495">
    <p class='ocr_par' dir='ltr' id='par_1_4' title="bbox 218 2407 1367 2495">
     <span class='ocr_line' id='line_1_19' title="bbox 218 2407 1367 2495; baseline 0.001 -24"><span class='ocrx_word' id='word_1_140' title='bbox 218 2407 394 2490; x_wconf 86' lang='lat' dir='ltr'><strong>exornatio,</strong></span> <span class='ocrx_word' id='word_1_141' title='bbox 418 2408 575 2494; x_wconf 81' lang='lat' dir='ltr'><strong>insignem</strong></span> <span class='ocrx_word' id='word_1_142' title='bbox 605 2410 731 2474; x_wconf 87' lang='lat' dir='ltr'><strong>aedium</strong></span> <span class='ocrx_word' id='word_1_143' title='bbox 755 2409 1048 2475; x_wconf 80' lang='lat' dir='ltr'><strong>Teubnerianarum</strong></span> <span class='ocrx_word' id='word_1_144' title='bbox 1071 2410 1208 2495; x_wconf 80' lang='lat' dir='ltr'><strong>gratiam</strong></span> <span class='ocrx_word' id='word_1_145' title='bbox 1231 2409 1367 2473; x_wconf 85' lang='lat' dir='ltr'><strong>referen-</strong></span> 
     </span>
    </p>
   </div>
   <div class='ocr_carea' id='block_1_4' title="bbox 219 2524 1368 2961">
    <p class='ocr_par' dir='ltr' id='par_1_5' title="bbox 219 2524 1368 2961">
     <span class='ocr_line' id='line_1_20' title="bbox 219 2524 1367 2610; baseline 0.001 -23"><span class='ocrx_word' id='word_1_146' title='bbox 219 2524 292 2588; x_wconf 88' lang='lat' dir='ltr'><strong>dam</strong></span> <span class='ocrx_word' id='word_1_147' title='bbox 334 2546 402 2588; x_wconf 87' lang='lat' dir='ltr'><strong>esse</strong></span> <span class='ocrx_word' id='word_1_148' title='bbox 444 2525 633 2590; x_wconf 89' lang='lat' dir='ltr'><strong>domnaedio</strong></span> <span class='ocrx_word' id='word_1_149' title='bbox 673 2527 816 2592; x_wconf 90' lang='lat' dir='ltr'><strong>censebit</strong></span> <span class='ocrx_word' id='word_1_150' title='bbox 851 2548 955 2610; x_wconf 89' lang='lat' dir='ltr'><strong>neque</strong></span> <span class='ocrx_word' id='word_1_151' title='bbox 992 2525 1097 2590; x_wconf 90' lang='lat' dir='ltr'><strong>solum</strong></span> <span class='ocrx_word' id='word_1_152' title='bbox 1133 2526 1197 2609; x_wconf 94' lang='lat' dir='ltr'><strong>ipsi</strong></span> <span class='ocrx_word' id='word_1_153' title='bbox 1233 2525 1289 2590; x_wconf 89' lang='lat' dir='ltr'><strong>sed</strong></span> <span class='ocrx_word' id='word_1_154' title='bbox 1325 2524 1367 2588; x_wconf 93' lang='lat' dir='ltr'><strong>ob</strong></span> 
     </span>
     <span class='ocr_line' id='line_1_21' title="bbox 220 2639 1368 2729; baseline 0.002 -26"><span class='ocrx_word' id='word_1_155' title='bbox 220 2639 422 2726; x_wconf 90' lang='lat' dir='ltr'><strong>diligentiam</strong></span> <span class='ocrx_word' id='word_1_156' title='bbox 457 2646 489 2707; x_wconf 93' lang='lat' dir='ltr'><strong>et</strong></span> <span class='ocrx_word' id='word_1_157' title='bbox 520 2642 670 2727; x_wconf 89' lang='lat' dir='ltr'><strong>peritiam</strong></span> <span class='ocrx_word' id='word_1_158' title='bbox 702 2644 897 2729; x_wconf 89' lang='lat' dir='ltr'><strong>singularem</strong></span> <span class='ocrx_word' id='word_1_159' title='bbox 930 2642 1027 2707; x_wconf 87' lang='lat' dir='ltr'><strong>etiam</strong></span> <span class='ocrx_word' id='word_1_160' title='bbox 1060 2642 1105 2706; x_wconf 91' lang='lat' dir='ltr'><strong>eis</strong></span> <span class='ocrx_word' id='word_1_161' title='bbox 1138 2641 1195 2725; x_wconf 91' lang='lat' dir='ltr'><strong>qui</strong></span> <span class='ocrx_word' id='word_1_162' title='bbox 1227 2645 1303 2706; x_wconf 90' lang='lat' dir='ltr'><strong>sunt</strong></span> <span class='ocrx_word' id='word_1_163' title='bbox 1334 2641 1368 2705; x_wconf 92' lang='lat' dir='ltr'><strong>in</strong></span> 
     </span>
     <span class='ocr_line' id='line_1_22' title="bbox 221 2756 1368 2844; baseline 0.002 -25"><span class='ocrx_word' id='word_1_164' title='bbox 221 2756 326 2839; x_wconf 89' lang='lat' dir='ltr'><strong>operis</strong></span> <span class='ocrx_word' id='word_1_165' title='bbox 350 2757 427 2822; x_wconf 90' lang='lat' dir='ltr'><strong>eius.</strong></span> <span class='ocrx_word' id='word_1_166' title='bbox 474 2756 656 2844; x_wconf 81' lang='lat' dir='ltr'><strong>Corrigenti</strong></span> <span class='ocrx_word' id='word_1_167' title='bbox 685 2759 822 2843; x_wconf 87' lang='lat' dir='ltr'><strong>deniquo</strong></span> <span class='ocrx_word' id='word_1_168' title='bbox 845 2758 1039 2823; x_wconf 88' lang='lat' dir='ltr'><strong>adminiculo</strong></span> <span class='ocrx_word' id='word_1_169' title='bbox 1063 2761 1132 2823; x_wconf 89' lang='lat' dir='ltr'><strong>erat</strong></span> <span class='ocrx_word' id='word_1_170' title='bbox 1154 2757 1368 2822; x_wconf 86' lang='lat' dir='ltr'><strong>Maximiliani</strong></span> 
     </span>
     <span class='ocr_line' id='line_1_23' title="bbox 220 2869 921 2961; baseline 0.006 -26"><span class='ocrx_word' id='word_1_171' title='bbox 220 2869 371 2937; x_wconf 82' lang='lat' dir='ltr'><strong>Amoldii</strong></span> <span class='ocrx_word' id='word_1_172' title='bbox 394 2895 491 2958; x_wconf 88' lang='lat' dir='ltr'><strong>opera</strong></span> <span class='ocrx_word' id='word_1_173' title='bbox 514 2879 546 2940; x_wconf 90' lang='lat' dir='ltr'><strong>et</strong></span> <span class='ocrx_word' id='word_1_174' title='bbox 569 2875 706 2961; x_wconf 90' lang='lat' dir='ltr'><strong>diligens</strong></span> <span class='ocrx_word' id='word_1_175' title='bbox 729 2878 762 2938; x_wconf 90' lang='lat' dir='ltr'><strong>et</strong></span> <span class='ocrx_word' id='word_1_176' title='bbox 785 2875 921 2939; x_wconf 90' lang='lat' dir='ltr'><strong>subtilis.</strong></span> 
     </span>
    </p>
   </div>
   <div class='ocr_carea' id='block_1_5' title="bbox 310 3049 994 3137">
    <p class='ocr_par' dir='ltr' id='par_1_6' title="bbox 310 3049 994 3137">
     <span class='ocr_line' id='line_1_24' title="bbox 310 3049 994 3137; baseline 0 -22"><span class='ocrx_word' id='word_1_177' title='bbox 310 3049 432 3136; x_wconf 82' lang='lat' dir='ltr'><strong>Scripsi</strong></span> <span class='ocrx_word' id='word_1_178' title='bbox 454 3052 583 3137; x_wconf 87' lang='lat' dir='ltr'><strong>Lipsiae</strong></span> <span class='ocrx_word' id='word_1_179' title='bbox 606 3074 714 3117; x_wconf 88' lang='lat' dir='ltr'><strong>mense</strong></span> <span class='ocrx_word' id='word_1_180' title='bbox 736 3050 820 3117; x_wconf 89' lang='lat' dir='ltr'><strong>Iulio</strong></span> <span class='ocrx_word' id='word_1_181' title='bbox 843 3051 994 3118; x_wconf 78' lang='lat' dir='ltr'><strong>Moossv.</strong></span> 
     </span>
    </p>
   </div>
   <div class='ocr_carea' id='block_1_6' title="bbox 0 0 1545 5024">
    <p class='ocr_par' dir='ltr' id='par_1_7' title="bbox 0 0 1545 5024">
     <span class='ocr_line' id='line_1_25' title="bbox 0 0 1545 5024; baseline 0 0"><span class='ocrx_word' id='word_1_182' title='bbox 0 0 1545 5024; x_wconf 95' lang='lat' dir='ltr'><strong> </strong></span> 
     </span>
    </p>
   </div>
  </div>
 </body>
</html>
