<?xml version="1.0" encoding="UTF-8"?>
<!DOCTYPE html PUBLIC "-//W3C//DTD XHTML 1.0 Transitional//EN"
    "http://www.w3.org/TR/xhtml1/DTD/xhtml1-transitional.dtd">
<html xmlns="http://www.w3.org/1999/xhtml" xml:lang="en" lang="en">
 <head>
  <title>
</title>
<meta http-equiv="Content-Type" content="text/html;charset=utf-8" />
  <meta name='ocr-system' content='tesseract 3.04.00' />
  <meta name='ocr-capabilities' content='ocr_page ocr_carea ocr_par ocr_line ocrx_word'/>
</head>
<body>
  <div class='ocr_page' id='page_1' title='image "./cluciliicarminu01lucigoog_0073.png"; bbox 0 0 3052 5024; ppageno 0'>
   <div class='ocr_carea' id='block_1_1' title="bbox 223 313 938 371">
    <p class='ocr_par' dir='ltr' id='par_1_1' title="bbox 223 313 938 371">
     <span class='ocr_line' id='line_1_1' title="bbox 223 313 938 371; baseline -0.001 -2"><span class='ocrx_word' id='word_1_1' title='bbox 223 314 336 371; x_wconf 82' lang='lat' dir='ltr'>LXVIII</span> <span class='ocrx_word' id='word_1_2' title='bbox 658 313 938 368; x_wconf 82' lang='lat' dir='ltr'><strong>PROLEGOMENA.</strong></span> 
     </span>
    </p>
   </div>
   <div class='ocr_carea' id='block_1_2' title="bbox 222 473 1372 1421">
    <p class='ocr_par' dir='ltr' id='par_1_2' title="bbox 222 473 1372 1187">
     <span class='ocr_line' id='line_1_2' title="bbox 224 473 1371 559; baseline -0.004 -15"><span class='ocrx_word' id='word_1_3' title='bbox 224 477 346 544; x_wconf 75' lang='lat' dir='ltr'>Gellius</span> <span class='ocrx_word' id='word_1_4' title='bbox 360 478 395 544; x_wconf 91' lang='lat' dir='ltr'><strong>in</strong></span> <span class='ocrx_word' id='word_1_5' title='bbox 408 475 530 543; x_wconf 79' lang='lat' dir='ltr'>XCVII</span> <span class='ocrx_word' id='word_1_6' title='bbox 540 528 547 542; x_wconf 94' lang='lat'><strong>.</strong></span> <span class='ocrx_word' id='word_1_7' title='bbox 557 529 564 542; x_wconf 92' lang='lat'><strong>.</strong></span> <span class='ocrx_word' id='word_1_8' title='bbox 575 528 581 541; x_wconf 93' lang='lat'><strong>.</strong></span> <span class='ocrx_word' id='word_1_9' title='bbox 592 480 624 541; x_wconf 90' lang='lat' dir='ltr'><strong>et</strong></span> <span class='ocrx_word' id='word_1_10' title='bbox 638 499 714 541; x_wconf 86' lang='lat' dir='ltr'><strong>mox</strong></span> <span class='ocrx_word' id='word_1_11' title='bbox 725 527 731 541; x_wconf 91' lang='lat'><strong>.</strong></span> <span class='ocrx_word' id='word_1_12' title='bbox 742 528 748 541; x_wconf 94' lang='lat'><strong>.</strong></span> <span class='ocrx_word' id='word_1_13' title='bbox 760 476 779 540; x_wconf 89' lang='lat'><strong>.’</strong></span> <span class='ocrx_word' id='word_1_14' title='bbox 789 480 826 541; x_wconf 92' lang='lat' dir='ltr'><strong>ut</strong></span> <span class='ocrx_word' id='word_1_15' title='bbox 840 475 975 541; x_wconf 90' lang='lat' dir='ltr'><strong>eundem</strong></span> <span class='ocrx_word' id='word_1_16' title='bbox 991 474 1179 559; x_wconf 78' lang='lat' dir='ltr'>scriptorem</span> <span class='ocrx_word' id='word_1_17' title='bbox 1190 473 1371 540; x_wconf 89' lang='lat' dir='ltr'><strong>adhibitum</strong></span> 
     </span>
     <span class='ocr_line' id='line_1_3' title="bbox 224 581 1372 672; baseline -0.004 -20"><span class='ocrx_word' id='word_1_18' title='bbox 224 600 293 652; x_wconf 88' lang='lat' dir='ltr'><strong>esse</strong></span> <span class='ocrx_word' id='word_1_19' title='bbox 311 590 474 672; x_wconf 75' lang='lat' dir='ltr'><strong>appareat,</strong></span> <span class='ocrx_word' id='word_1_20' title='bbox 494 585 549 670; x_wconf 90' lang='lat' dir='ltr'><strong>qui</strong></span> <span class='ocrx_word' id='word_1_21' title='bbox 569 583 668 650; x_wconf 84' lang='lat' dir='ltr'>simili</span> <span class='ocrx_word' id='word_1_22' title='bbox 686 583 782 649; x_wconf 91' lang='lat' dir='ltr'><strong>modo</strong></span> <span class='ocrx_word' id='word_1_23' title='bbox 802 583 948 648; x_wconf 90' lang='lat' dir='ltr'><strong>omiserit</strong></span> <span class='ocrx_word' id='word_1_24' title='bbox 961 582 1047 666; x_wconf 90' lang='lat' dir='ltr'><strong>quod</strong></span> <span class='ocrx_word' id='word_1_25' title='bbox 1061 581 1117 647; x_wconf 92' lang='lat' dir='ltr'><strong>alii</strong></span> <span class='ocrx_word' id='word_1_26' title='bbox 1130 582 1253 648; x_wconf 84' lang='lat' dir='ltr'><strong>addunt</strong></span> <span class='ocrx_word' id='word_1_27' title='bbox 1270 603 1372 648; x_wconf 71' lang='lat' dir='ltr'><strong>caeno</strong></span> 
     </span>
     <span class='ocr_line' id='line_1_4' title="bbox 223 687 1371 774; baseline -0.004 -15"><span class='ocrx_word' id='word_1_28' title='bbox 223 694 303 759; x_wconf 80' lang='lat' dir='ltr'><strong>lium</strong></span> <span class='ocrx_word' id='word_1_29' title='bbox 326 693 421 759; x_wconf 87' lang='lat' dir='ltr'><strong>sicuti</strong></span> <span class='ocrx_word' id='word_1_30' title='bbox 445 693 480 758; x_wconf 91' lang='lat' dir='ltr'><strong>in</strong></span> <span class='ocrx_word' id='word_1_31' title='bbox 496 692 621 757; x_wconf 87' lang='lat' dir='ltr'><strong>Lucilio</strong></span> <span class='ocrx_word' id='word_1_32' title='bbox 640 691 763 756; x_wconf 89' lang='lat' dir='ltr'><strong>omittit</strong></span> <span class='ocrx_word' id='word_1_33' title='bbox 781 690 862 756; x_wconf 90' lang='lat' dir='ltr'><strong>illud</strong></span> <span class='ocrx_word' id='word_1_34' title='bbox 879 696 1069 756; x_wconf 77' lang='lat' dir='ltr'><strong>suturarum.</strong></span> <span class='ocrx_word' id='word_1_35' title='bbox 1106 687 1197 754; x_wconf 85' lang='lat' dir='ltr'>Adde</span> <span class='ocrx_word' id='word_1_36' title='bbox 1217 689 1303 774; x_wconf 92' lang='lat' dir='ltr'><strong>quod</strong></span> <span class='ocrx_word' id='word_1_37' title='bbox 1321 690 1371 754; x_wconf 91' lang='lat' dir='ltr'><strong>bis</strong></span> 
     </span>
     <span class='ocr_line' id='line_1_5' title="bbox 222 795 1371 883; baseline -0.004 -18"><span class='ocrx_word' id='word_1_38' title='bbox 222 800 342 867; x_wconf 81' lang='lat' dir='ltr'>Lucilii</span> <span class='ocrx_word' id='word_1_39' title='bbox 364 821 482 866; x_wconf 91' lang='lat' dir='ltr'><strong>nomen</strong></span> <span class='ocrx_word' id='word_1_40' title='bbox 505 820 577 864; x_wconf 90' lang='lat' dir='ltr'><strong>cum</strong></span> <span class='ocrx_word' id='word_1_41' title='bbox 602 796 697 863; x_wconf 81' lang='lat' dir='ltr'><strong>Gellii</strong></span> <span class='ocrx_word' id='word_1_42' title='bbox 720 799 756 862; x_wconf 91' lang='lat' dir='ltr'><strong>in</strong></span> <span class='ocrx_word' id='word_1_43' title='bbox 778 797 835 862; x_wconf 93' lang='lat' dir='ltr'><strong>illa</strong></span> <span class='ocrx_word' id='word_1_44' title='bbox 856 802 947 883; x_wconf 89' lang='lat' dir='ltr'><strong>parte</strong></span> <span class='ocrx_word' id='word_1_45' title='bbox 970 797 1177 883; x_wconf 83' lang='lat' dir='ltr'><strong>coniungitur</strong></span> <span class='ocrx_word' id='word_1_46' title='bbox 1198 820 1228 881; x_wconf 92' lang='lat' dir='ltr'><strong>p.</strong></span> <span class='ocrx_word' id='word_1_47' title='bbox 1248 795 1301 880; x_wconf 85' lang='grc'><strong>54,</strong></span> <span class='ocrx_word' id='word_1_48' title='bbox 1319 796 1371 861; x_wconf 85' lang='grc'><strong>25.</strong></span> 
     </span>
     <span class='ocr_line' id='line_1_6' title="bbox 225 903 1371 990; baseline -0.003 -19"><span class='ocrx_word' id='word_1_49' title='bbox 225 907 277 990; x_wconf 91' lang='grc'><strong>71,</strong></span> <span class='ocrx_word' id='word_1_50' title='bbox 291 907 342 972; x_wconf 87' lang='grc'><strong>29.</strong></span> <span class='ocrx_word' id='word_1_51' title='bbox 384 905 498 990; x_wconf 89' lang='lat' dir='ltr'><strong>Neque</strong></span> <span class='ocrx_word' id='word_1_52' title='bbox 517 905 691 990; x_wconf 88' lang='lat' dir='ltr'><strong>quidquam</strong></span> <span class='ocrx_word' id='word_1_53' title='bbox 711 905 806 970; x_wconf 92' lang='lat' dir='ltr'><strong>uideo</strong></span> <span class='ocrx_word' id='word_1_54' title='bbox 824 925 948 988; x_wconf 89' lang='lat' dir='ltr'><strong>causae,</strong></span> <span class='ocrx_word' id='word_1_55' title='bbox 969 925 1067 988; x_wconf 88' lang='lat' dir='ltr'><strong>quare</strong></span> <span class='ocrx_word' id='word_1_56' title='bbox 1086 903 1152 968; x_wconf 89' lang='lat' dir='ltr'><strong>illis</strong></span> <span class='ocrx_word' id='word_1_57' title='bbox 1170 904 1251 969; x_wconf 92' lang='lat' dir='ltr'><strong>locis</strong></span> <span class='ocrx_word' id='word_1_58' title='bbox 1271 905 1371 968; x_wconf 91' lang='lat' dir='ltr'><strong>omni-</strong></span> 
     </span>
     <span class='ocr_line' id='line_1_7' title="bbox 223 1009 1371 1099; baseline -0.003 -20"><span class='ocrx_word' id='word_1_59' title='bbox 223 1014 284 1079; x_wconf 91' lang='lat' dir='ltr'><strong>bus</strong></span> <span class='ocrx_word' id='word_1_60' title='bbox 307 1013 406 1079; x_wconf 88' lang='lat' dir='ltr'>Plinii</span> <span class='ocrx_word' id='word_1_61' title='bbox 428 1012 537 1099; x_wconf 90' lang='lat' dir='ltr'><strong>potius</strong></span> <span class='ocrx_word' id='word_1_62' title='bbox 563 1013 616 1078; x_wconf 91' lang='lat' dir='ltr'><strong>uel</strong></span> <span class='ocrx_word' id='word_1_63' title='bbox 638 1011 737 1077; x_wconf 88' lang='lat' dir='ltr'>Probi</span> <span class='ocrx_word' id='word_1_64' title='bbox 765 1011 874 1097; x_wconf 89' lang='lat' dir='ltr'><strong>copias</strong></span> <span class='ocrx_word' id='word_1_65' title='bbox 897 1034 916 1076; x_wconf 91' lang='lat' dir='ltr'><strong>a</strong></span> <span class='ocrx_word' id='word_1_66' title='bbox 939 1009 1044 1097; x_wconf 77' lang='lat' dir='ltr'><strong>Capro</strong></span> <span class='ocrx_word' id='word_1_67' title='bbox 1073 1009 1217 1076; x_wconf 85' lang='lat' dir='ltr'>exhiberi</span> <span class='ocrx_word' id='word_1_68' title='bbox 1244 1011 1371 1076; x_wconf 90' lang='lat' dir='ltr'><strong>creden·</strong></span> 
     </span>
     <span class='ocr_line' id='line_1_8' title="bbox 224 1122 374 1187; baseline 0 -1"><span class='ocrx_word' id='word_1_69' title='bbox 224 1122 300 1187; x_wconf 92' lang='lat' dir='ltr'><strong>dum</strong></span> <span class='ocrx_word' id='word_1_70' title='bbox 324 1122 374 1187; x_wconf 86' lang='lat' dir='ltr'><strong>sit.</strong></span> 
     </span>
    </p>

    <p class='ocr_par' dir='ltr' id='par_1_3' title="bbox 223 1223 1371 1421">
     <span class='ocr_line' id='line_1_9' title="bbox 266 1223 1371 1313; baseline -0.003 -20"><span class='ocrx_word' id='word_1_71' title='bbox 266 1295 272 1310; x_wconf 67' lang='lat'><strong>,</strong></span> <span class='ocrx_word' id='word_1_72' title='bbox 314 1228 427 1313; x_wconf 84' lang='lat' dir='ltr'><strong>Longe</strong></span> <span class='ocrx_word' id='word_1_73' title='bbox 450 1227 543 1293; x_wconf 89' lang='lat' dir='ltr'><strong>aliter</strong></span> <span class='ocrx_word' id='word_1_74' title='bbox 561 1230 745 1312; x_wconf 85' lang='lat' dir='ltr'><strong>comparata</strong></span> <span class='ocrx_word' id='word_1_75' title='bbox 764 1230 905 1311; x_wconf 90' lang='lat' dir='ltr'><strong>estpars</strong></span> <span class='ocrx_word' id='word_1_76' title='bbox 924 1226 980 1291; x_wconf 86' lang='lat' dir='ltr'><strong>illa</strong></span> <span class='ocrx_word' id='word_1_77' title='bbox 999 1223 1136 1291; x_wconf 80' lang='lat' dir='ltr'><strong>Charisii</strong></span> <span class='ocrx_word' id='word_1_78' title='bbox 1153 1248 1184 1310; x_wconf 93' lang='lat' dir='ltr'><strong>p.</strong></span> <span class='ocrx_word' id='word_1_79' title='bbox 1205 1225 1371 1291; x_wconf 87' lang='grc'>190-242</span> 
     </span>
     <span class='ocr_line' id='line_1_10' title="bbox 223 1333 1371 1421; baseline -0.003 -21"><span class='ocrx_word' id='word_1_80' title='bbox 223 1336 282 1400; x_wconf 90' lang='lat' dir='ltr'><strong>ubi</strong></span> <span class='ocrx_word' id='word_1_81' title='bbox 304 1336 417 1421; x_wconf 78' lang='lat' dir='ltr'><strong>paucis</strong></span> <span class='ocrx_word' id='word_1_82' title='bbox 435 1334 562 1420; x_wconf 81' lang='lat' dir='ltr'><strong>paginis</strong></span> <span class='ocrx_word' id='word_1_83' title='bbox 581 1333 725 1419; x_wconf 84' lang='lat' dir='ltr'><strong>exceptis</strong></span> <span class='ocrx_word' id='word_1_84' title='bbox 745 1333 783 1399; x_wconf 91' lang='lat' dir='ltr'><strong>de</strong></span> <span class='ocrx_word' id='word_1_85' title='bbox 801 1354 937 1417; x_wconf 88' lang='lat' dir='ltr'><strong>quarum</strong></span> <span class='ocrx_word' id='word_1_86' title='bbox 956 1338 1087 1399; x_wconf 89' lang='lat' dir='ltr'><strong>auctore</strong></span> <span class='ocrx_word' id='word_1_87' title='bbox 1106 1337 1231 1398; x_wconf 85' lang='lat' dir='ltr'><strong>constat</strong></span> <span class='ocrx_word' id='word_1_88' title='bbox 1249 1337 1371 1398; x_wconf 87' lang='lat' dir='ltr'><strong>certum</strong></span> 
     </span>
    </p>
   </div>
   <div class='ocr_carea' id='block_1_3' title="bbox 106 1439 1373 1529">
    <p class='ocr_par' dir='ltr' id='par_1_4' title="bbox 106 1439 1373 1529">
     <span class='ocr_line' id='line_1_11' title="bbox 106 1439 1373 1529; baseline -0.001 -23"><span class='ocrx_word' id='word_1_89' title='bbox 106 1525 109 1529; x_wconf 14' lang='lat'><strong>⁴</strong></span> <span class='ocrx_word' id='word_1_90' title='bbox 224 1446 274 1508; x_wconf 91' lang='lat' dir='ltr'><strong>est</strong></span> <span class='ocrx_word' id='word_1_91' title='bbox 295 1441 371 1506; x_wconf 91' lang='lat' dir='ltr'><strong>Iulii</strong></span> <span class='ocrx_word' id='word_1_92' title='bbox 389 1440 530 1507; x_wconf 87' lang='lat' dir='ltr'><strong>Romani</strong></span> <span class='ocrx_word' id='word_1_93' title='bbox 552 1440 671 1506; x_wconf 91' lang='lat' dir='ltr'><strong>librum</strong></span> <span class='ocrx_word' id='word_1_94' title='bbox 695 1462 764 1506; x_wconf 91' lang='lat' dir='ltr'><strong>esse</strong></span> <span class='ocrx_word' id='word_1_95' title='bbox 786 1440 993 1524; x_wconf 88' lang='lat' dir='ltr'><strong>descriptum.</strong></span> <span class='ocrx_word' id='word_1_96' title='bbox 1035 1439 1106 1517; x_wconf 84' lang='lat' dir='ltr'><strong>Qua</strong></span> <span class='ocrx_word' id='word_1_97' title='bbox 1128 1441 1163 1506; x_wconf 92' lang='lat' dir='ltr'><strong>in</strong></span> <span class='ocrx_word' id='word_1_98' title='bbox 1184 1443 1276 1524; x_wconf 89' lang='lat' dir='ltr'><strong>parte</strong></span> <span class='ocrx_word' id='word_1_99' title='bbox 1297 1462 1373 1505; x_wconf 87' lang='lat' dir='ltr'><strong>uus·</strong></span> 
     </span>
    </p>
   </div>
   <div class='ocr_carea' id='block_1_4' title="bbox 224 1546 1374 3346">
    <p class='ocr_par' dir='ltr' id='par_1_5' title="bbox 224 1546 1374 3346">
     <span class='ocr_line' id='line_1_12' title="bbox 225 1546 1373 1634; baseline -0.003 -21"><span class='ocrx_word' id='word_1_100' title='bbox 225 1571 322 1633; x_wconf 89' lang='lat' dir='ltr'><strong>quam</strong></span> <span class='ocrx_word' id='word_1_101' title='bbox 345 1548 464 1634; x_wconf 83' lang='lat' dir='ltr'><strong>legitur</strong></span> <span class='ocrx_word' id='word_1_102' title='bbox 487 1548 590 1612; x_wconf 89' lang='lat' dir='ltr'><strong>ueluti</strong></span> <span class='ocrx_word' id='word_1_103' title='bbox 608 1547 752 1613; x_wconf 71' lang='lat' dir='ltr'><strong>[scollus</strong></span> <span class='ocrx_word' id='word_1_104' title='bbox 775 1547 811 1631; x_wconf 88' lang='lat' dir='ltr'><strong>V,</strong></span> <span class='ocrx_word' id='word_1_105' title='bbox 833 1546 890 1612; x_wconf 88' lang='lat' dir='ltr'><strong>sed</strong></span> <span class='ocrx_word' id='word_1_106' title='bbox 912 1547 1136 1612; x_wconf 87' lang='lat' dir='ltr'><strong>tantummodo</strong></span> <span class='ocrx_word' id='word_1_107' title='bbox 1155 1547 1299 1613; x_wconf 63' lang='lat' dir='ltr'><strong>hualdre</strong></span> <span class='ocrx_word' id='word_1_108' title='bbox 1317 1551 1373 1611; x_wconf 86' lang='lat' dir='ltr'><strong>aut</strong></span> 
     </span>
     <span class='ocr_line' id='line_1_13' title="bbox 226 1654 1370 1740; baseline -0.003 -18"><span class='ocrx_word' id='word_1_109' title='bbox 226 1655 624 1722; x_wconf 59' lang='lat' dir='ltr'><strong>coduscanorum.</strong></span> <span class='ocrx_word' id='word_1_110' title='bbox 670 1654 749 1720; x_wconf 89' lang='lat' dir='ltr'><strong>Loci</strong></span> <span class='ocrx_word' id='word_1_111' title='bbox 773 1657 849 1719; x_wconf 86' lang='lat' dir='ltr'><strong>sunt</strong></span> <span class='ocrx_word' id='word_1_112' title='bbox 872 1654 1014 1738; x_wconf 89' lang='lat' dir='ltr'><strong>quinque</strong></span> <span class='ocrx_word' id='word_1_113' title='bbox 1037 1678 1067 1739; x_wconf 90' lang='lat' dir='ltr'><strong>p.</strong></span> <span class='ocrx_word' id='word_1_114' title='bbox 1089 1654 1162 1740; x_wconf 85' lang='lat'><strong>195,</strong></span> <span class='ocrx_word' id='word_1_115' title='bbox 1177 1654 1206 1719; x_wconf 83' lang='lat'><strong>6.</strong></span> <span class='ocrx_word' id='word_1_116' title='bbox 1230 1654 1305 1739; x_wconf 86' lang='grc'>203,</span> <span class='ocrx_word' id='word_1_117' title='bbox 1318 1654 1370 1718; x_wconf 91' lang='grc'><strong>20.</strong></span> 
     </span>
     <span class='ocr_line' id='line_1_14' title="bbox 226 1760 1373 1846; baseline -0.003 -17"><span class='ocrx_word' id='word_1_118' title='bbox 226 1763 302 1846; x_wconf 84' lang='grc'>217,</span> <span class='ocrx_word' id='word_1_119' title='bbox 316 1762 368 1828; x_wconf 84' lang='grc'><strong>25.</strong></span> <span class='ocrx_word' id='word_1_120' title='bbox 387 1763 463 1846; x_wconf 86' lang='grc'>223,</span> <span class='ocrx_word' id='word_1_121' title='bbox 476 1762 529 1827; x_wconf 87' lang='grc'><strong>21.</strong></span> <span class='ocrx_word' id='word_1_122' title='bbox 548 1761 623 1846; x_wconf 88' lang='grc'>240,</span> <span class='ocrx_word' id='word_1_123' title='bbox 638 1761 658 1826; x_wconf 88' lang='grc'>8</span> <span class='ocrx_word' id='word_1_124' title='bbox 677 1760 734 1826; x_wconf 88' lang='lat' dir='ltr'><strong>ubi</strong></span> <span class='ocrx_word' id='word_1_125' title='bbox 751 1767 934 1827; x_wconf 74' lang='lat' dir='ltr'><strong>sciurorum</strong></span> <span class='ocrx_word' id='word_1_126' title='bbox 952 1761 1080 1827; x_wconf 79' lang='lat' dir='ltr'><strong>additur</strong></span> <span class='ocrx_word' id='word_1_127' title='bbox 1093 1762 1250 1827; x_wconf 91' lang='lat' dir='ltr'><strong>librorum</strong></span> <span class='ocrx_word' id='word_1_128' title='bbox 1263 1783 1373 1826; x_wconf 87' lang='lat' dir='ltr'><strong>nume-</strong></span> 
     </span>
     <span class='ocr_line' id='line_1_15' title="bbox 224 1867 1372 1954; baseline -0.001 -19"><span class='ocrx_word' id='word_1_129' title='bbox 224 1870 270 1949; x_wconf 86' lang='lat' dir='ltr'><strong>¹ris</strong></span> <span class='ocrx_word' id='word_1_130' title='bbox 307 1873 433 1954; x_wconf 88' lang='lat' dir='ltr'><strong>praeter</strong></span> <span class='ocrx_word' id='word_1_131' title='bbox 469 1868 544 1953; x_wconf 85' lang='grc'>223,</span> <span class='ocrx_word' id='word_1_132' title='bbox 559 1869 599 1934; x_wconf 92' lang='grc'><strong>21</strong></span> <span class='ocrx_word' id='word_1_133' title='bbox 637 1891 732 1953; x_wconf 90' lang='lat' dir='ltr'><strong>quem</strong></span> <span class='ocrx_word' id='word_1_134' title='bbox 768 1872 806 1934; x_wconf 86' lang='lat' dir='ltr'><strong>ut</strong></span> <span class='ocrx_word' id='word_1_135' title='bbox 842 1873 1029 1953; x_wconf 89' lang='lat' dir='ltr'><strong>corruptum</strong></span> <span class='ocrx_word' id='word_1_136' title='bbox 1062 1867 1187 1935; x_wconf 89' lang='lat' dir='ltr'><strong>Keilius</strong></span> <span class='ocrx_word' id='word_1_137' title='bbox 1219 1869 1372 1935; x_wconf 87' lang='lat' dir='ltr'><strong>asterisco</strong></span> 
     </span>
     <span class='ocr_line' id='line_1_16' title="bbox 224 1974 1372 2043; baseline -0.001 -1"><span class='ocrx_word' id='word_1_138' title='bbox 224 1977 365 2043; x_wconf 83' lang='lat' dir='ltr'><strong>notauit:</strong></span> <span class='ocrx_word' id='word_1_139' title='bbox 402 1976 607 2042; x_wconf 87' lang='lat' dir='ltr'><strong>continentur</strong></span> <span class='ocrx_word' id='word_1_140' title='bbox 638 1996 714 2040; x_wconf 89' lang='lat' dir='ltr'><strong>uero</strong></span> <span class='ocrx_word' id='word_1_141' title='bbox 751 1997 863 2041; x_wconf 89' lang='lat' dir='ltr'><strong>uersus</strong></span> <span class='ocrx_word' id='word_1_142' title='bbox 895 1976 1012 2042; x_wconf 80' lang='lat' dir='ltr'>Lucilii</span> <span class='ocrx_word' id='word_1_143' title='bbox 1049 1977 1134 2043; x_wconf 87' lang='lat' dir='ltr'><strong>intra</strong></span> <span class='ocrx_word' id='word_1_144' title='bbox 1169 1977 1224 2041; x_wconf 90' lang='lat' dir='ltr'><strong>lib.</strong></span> <span class='ocrx_word' id='word_1_145' title='bbox 1256 1974 1372 2041; x_wconf 91' lang='lat' dir='ltr'>I-XI.</span> 
     </span>
     <span class='ocr_line' id='line_1_17' title="bbox 225 2080 1373 2168; baseline -0.001 -19"><span class='ocrx_word' id='word_1_146' title='bbox 225 2083 408 2150; x_wconf 70' lang='lat' dir='ltr'><strong>Adhibetur</strong></span> <span class='ocrx_word' id='word_1_147' title='bbox 430 2085 529 2150; x_wconf 86' lang='lat' dir='ltr'><strong>etiam</strong></span> <span class='ocrx_word' id='word_1_148' title='bbox 551 2084 586 2148; x_wconf 91' lang='lat' dir='ltr'><strong>in</strong></span> <span class='ocrx_word' id='word_1_149' title='bbox 603 2083 665 2148; x_wconf 90' lang='lat' dir='ltr'><strong>hac</strong></span> <span class='ocrx_word' id='word_1_150' title='bbox 683 2087 772 2168; x_wconf 85' lang='lat' dir='ltr'><strong>parte</strong></span> <span class='ocrx_word' id='word_1_151' title='bbox 791 2082 837 2147; x_wconf 85' lang='lat' dir='ltr'><strong>Fl.</strong></span> <span class='ocrx_word' id='word_1_152' title='bbox 858 2080 970 2168; x_wconf 79' lang='lat' dir='ltr'><strong>Caper,</strong></span> <span class='ocrx_word' id='word_1_153' title='bbox 994 2083 1083 2149; x_wconf 90' lang='lat' dir='ltr'><strong>cuius</strong></span> <span class='ocrx_word' id='word_1_154' title='bbox 1102 2084 1259 2149; x_wconf 87' lang='lat' dir='ltr'><strong>rationem</strong></span> <span class='ocrx_word' id='word_1_155' title='bbox 1278 2083 1373 2148; x_wconf 85' lang='lat' dir='ltr'><strong>facile</strong></span> 
     </span>
     <span class='ocr_line' id='line_1_18' title="bbox 226 2189 1373 2278; baseline -0.001 -22"><span class='ocrx_word' id='word_1_156' title='bbox 226 2191 431 2278; x_wconf 77' lang='lat' dir='ltr'><strong>agnoscimus</strong></span> <span class='ocrx_word' id='word_1_157' title='bbox 455 2213 485 2276; x_wconf 93' lang='lat' dir='ltr'><strong>p.</strong></span> <span class='ocrx_word' id='word_1_158' title='bbox 504 2190 579 2275; x_wconf 87' lang='grc'>207,</span> <span class='ocrx_word' id='word_1_159' title='bbox 593 2190 637 2255; x_wconf 87' lang='grc'><strong>30</strong></span> <span class='ocrx_word' id='word_1_160' title='bbox 660 2190 847 2256; x_wconf 82' lang='lat' dir='ltr'><strong>‘nouissime</strong></span> <span class='ocrx_word' id='word_1_161' title='bbox 865 2189 941 2255; x_wconf 73' lang='lat' dir='ltr'><strong>&#39;liro</strong></span> <span class='ocrx_word' id='word_1_162' title='bbox 964 2190 999 2255; x_wconf 92' lang='lat' dir='ltr'><strong>in</strong></span> <span class='ocrx_word' id='word_1_163' title='bbox 1021 2191 1177 2274; x_wconf 82' lang='lat' dir='ltr'><strong>pandecte</strong></span> <span class='ocrx_word' id='word_1_164' title='bbox 1198 2212 1265 2256; x_wconf 91' lang='lat' dir='ltr'><strong>non</strong></span> <span class='ocrx_word' id='word_1_165' title='bbox 1287 2195 1373 2255; x_wconf 91' lang='lat' dir='ltr'><strong>recte</strong></span> 
     </span>
     <span class='ocr_line' id='line_1_19' title="bbox 226 2298 1373 2382; baseline -0.002 -19"><span class='ocrx_word' id='word_1_166' title='bbox 226 2298 273 2363; x_wconf 87' lang='lat' dir='ltr'><strong>ait</strong></span> <span class='ocrx_word' id='word_1_167' title='bbox 295 2298 360 2364; x_wconf 90' lang='lat' dir='ltr'><strong>dici</strong></span> <span class='ocrx_word' id='word_1_168' title='bbox 382 2298 543 2382; x_wconf 80' lang='lat' dir='ltr'><strong>adicitque</strong></span> <span class='ocrx_word' id='word_1_169' title='bbox 567 2299 653 2382; x_wconf 89' lang='lat' dir='ltr'><strong>quod</strong></span> <span class='ocrx_word' id='word_1_170' title='bbox 676 2320 734 2363; x_wconf 89' lang='lat' dir='ltr'><strong>sua</strong></span> <span class='ocrx_word' id='word_1_171' title='bbox 756 2298 900 2382; x_wconf 87' lang='lat' dir='ltr'><strong>coeperit</strong></span> <span class='ocrx_word' id='word_1_172' title='bbox 922 2301 1025 2363; x_wconf 85' lang='lat' dir='ltr'><strong>aetate</strong></span> <span class='ocrx_word' id='word_1_173' title='bbox 1049 2298 1082 2363; x_wconf 91' lang='lat' dir='ltr'><strong>id</strong></span> <span class='ocrx_word' id='word_1_174' title='bbox 1100 2298 1298 2363; x_wconf 87' lang='lat' dir='ltr'><strong>aduerbium.</strong></span> <span class='ocrx_word' id='word_1_175' title='bbox 1316 2298 1373 2362; x_wconf 94' lang='lat' dir='ltr'><strong>ubi</strong></span> 
     </span>
     <span class='ocr_line' id='line_1_20' title="bbox 225 2403 1373 2489; baseline 0.002 -20"><span class='ocrx_word' id='word_1_176' title='bbox 225 2403 273 2470; x_wconf 85' lang='lat' dir='ltr'><strong>Fl.</strong></span> <span class='ocrx_word' id='word_1_177' title='bbox 294 2403 397 2489; x_wconf 79' lang='lat' dir='ltr'><strong>Caper</strong></span> <span class='ocrx_word' id='word_1_178' title='bbox 420 2406 458 2471; x_wconf 90' lang='lat' dir='ltr'><strong>de</strong></span> <span class='ocrx_word' id='word_1_179' title='bbox 480 2404 669 2470; x_wconf 87' lang='lat' dir='ltr'><strong>Latinitate:</strong></span> <span class='ocrx_word' id='word_1_180' title='bbox 695 2404 851 2489; x_wconf 77' lang='lat' dir='ltr'><strong>“miror&#39;&#39;,</strong></span> <span class='ocrx_word' id='word_1_181' title='bbox 873 2405 989 2489; x_wconf 89' lang='lat' dir='ltr'><strong>inquit,</strong></span> <span class='ocrx_word' id='word_1_182' title='bbox 1016 2405 1049 2468; x_wconf 92' lang='lat' dir='ltr'><strong>id</strong></span> <span class='ocrx_word' id='word_1_183' title='bbox 1072 2404 1190 2470; x_wconf 86' lang='lat' dir='ltr'><strong>dixisse</strong></span> <span class='ocrx_word' id='word_1_184' title='bbox 1212 2404 1373 2489; x_wconf 84' lang='lat' dir='ltr'><strong>Tironem,</strong></span> 
     </span>
     <span class='ocr_line' id='line_1_21' title="bbox 226 2511 1373 2597; baseline 0.001 -21"><span class='ocrx_word' id='word_1_185' title='bbox 226 2532 298 2577; x_wconf 91' lang='lat' dir='ltr'><strong>cum</strong></span> <span class='ocrx_word' id='word_1_186' title='bbox 321 2511 472 2578; x_wconf 85' lang='lat' dir='ltr'><strong>Valerius</strong></span> <span class='ocrx_word' id='word_1_187' title='bbox 495 2511 610 2578; x_wconf 83' lang='lat' dir='ltr'><strong>Antias</strong></span> <span class='ocrx_word' id='word_1_188' title='bbox 633 2513 716 2578; x_wconf 91' lang='lat' dir='ltr'><strong>libro</strong></span> <span class='ocrx_word' id='word_1_189' title='bbox 739 2511 771 2577; x_wconf 93' lang='grc' dir='ltr'><strong><em>Π</em></strong></span> <span class='ocrx_word' id='word_1_190' title='bbox 796 2512 942 2577; x_wconf 80' lang='lat' dir='ltr'><strong>“mater.</strong></span> <span class='ocrx_word' id='word_1_191' title='bbox 958 2563 964 2576; x_wconf 94' lang='lat'><strong>.</strong></span> <span class='ocrx_word' id='word_1_192' title='bbox 981 2512 1011 2576; x_wconf 89' lang='lat'><strong>.’&#39;</strong></span> <span class='ocrx_word' id='word_1_193' title='bbox 1036 2512 1122 2577; x_wconf 92' lang='lat' dir='ltr'><strong>idem</strong></span> <span class='ocrx_word' id='word_1_194' title='bbox 1144 2511 1238 2577; x_wconf 87' lang='lat' dir='ltr'>XXII</span> <span class='ocrx_word' id='word_1_195' title='bbox 1261 2512 1373 2597; x_wconf 80' lang='lat' dir='ltr'><strong>“quod</strong></span> 
     </span>
     <span class='ocr_line' id='line_1_22' title="bbox 225 2617 1373 2706; baseline -0.001 -22"><span class='ocrx_word' id='word_1_196' title='bbox 225 2618 401 2685; x_wconf 89' lang='lat' dir='ltr'><strong>nouissime</strong></span> <span class='ocrx_word' id='word_1_197' title='bbox 425 2671 432 2685; x_wconf 90' lang='lat'><strong>.</strong></span> <span class='ocrx_word' id='word_1_198' title='bbox 452 2671 458 2684; x_wconf 91' lang='lat'><strong>.</strong></span> <span class='ocrx_word' id='word_1_199' title='bbox 479 2619 530 2684; x_wconf 89' lang='lat'><strong>.&#39;’.&#39;</strong></span> <span class='ocrx_word' id='word_1_200' title='bbox 584 2618 693 2704; x_wconf 82' lang='lat' dir='ltr'><strong>Atque</strong></span> <span class='ocrx_word' id='word_1_201' title='bbox 725 2641 765 2684; x_wconf 85' lang='lat' dir='ltr'><strong>ex</strong></span> <span class='ocrx_word' id='word_1_202' title='bbox 797 2617 901 2704; x_wconf 77' lang='lat' dir='ltr'><strong>Capro</strong></span> <span class='ocrx_word' id='word_1_203' title='bbox 933 2619 1013 2685; x_wconf 90' lang='lat' dir='ltr'><strong>haec</strong></span> <span class='ocrx_word' id='word_1_204' title='bbox 1044 2620 1225 2706; x_wconf 79' lang='lat' dir='ltr'><strong>fragmenta</strong></span> <span class='ocrx_word' id='word_1_205' title='bbox 1256 2619 1373 2685; x_wconf 88' lang='lat' dir='ltr'><strong>Lucilii</strong></span> 
     </span>
     <span class='ocr_line' id='line_1_23' title="bbox 227 2725 1372 2811; baseline 0.001 -21"><span class='ocrx_word' id='word_1_206' title='bbox 227 2730 356 2811; x_wconf 89' lang='lat' dir='ltr'><strong>sumpta</strong></span> <span class='ocrx_word' id='word_1_207' title='bbox 368 2748 435 2791; x_wconf 92' lang='lat' dir='ltr'><strong>non</strong></span> <span class='ocrx_word' id='word_1_208' title='bbox 453 2748 522 2792; x_wconf 90' lang='lat' dir='ltr'><strong>esse</strong></span> <span class='ocrx_word' id='word_1_209' title='bbox 541 2730 789 2793; x_wconf 87' lang='lat' dir='ltr'><strong>consentaneum</strong></span> <span class='ocrx_word' id='word_1_210' title='bbox 808 2728 866 2810; x_wconf 89' lang='lat' dir='ltr'><strong>est,</strong></span> <span class='ocrx_word' id='word_1_211' title='bbox 885 2748 958 2793; x_wconf 91' lang='lat' dir='ltr'><strong>cum</strong></span> <span class='ocrx_word' id='word_1_212' title='bbox 977 2727 1057 2793; x_wconf 89' lang='lat' dir='ltr'><strong>haec</strong></span> <span class='ocrx_word' id='word_1_213' title='bbox 1075 2749 1150 2810; x_wconf 88' lang='lat' dir='ltr'><strong>pars</strong></span> <span class='ocrx_word' id='word_1_214' title='bbox 1169 2748 1279 2791; x_wconf 90' lang='lat' dir='ltr'><strong>omnes</strong></span> <span class='ocrx_word' id='word_1_215' title='bbox 1298 2725 1372 2791; x_wconf 90' lang='lat' dir='ltr'><strong>illos</strong></span> 
     </span>
     <span class='ocr_line' id='line_1_24' title="bbox 226 2832 1374 2919; baseline 0.001 -22"><span class='ocrx_word' id='word_1_216' title='bbox 226 2836 385 2916; x_wconf 81' lang='lat' dir='ltr'><strong>auctores,</strong></span> <span class='ocrx_word' id='word_1_217' title='bbox 414 2854 494 2917; x_wconf 89' lang='lat' dir='ltr'><strong>quos</strong></span> <span class='ocrx_word' id='word_1_218' title='bbox 521 2833 638 2919; x_wconf 91' lang='lat' dir='ltr'><strong>prioris</strong></span> <span class='ocrx_word' id='word_1_219' title='bbox 666 2832 755 2898; x_wconf 91' lang='lat' dir='ltr'><strong>illius</strong></span> <span class='ocrx_word' id='word_1_220' title='bbox 782 2834 883 2919; x_wconf 89' lang='lat' dir='ltr'><strong>partis</strong></span> <span class='ocrx_word' id='word_1_221' title='bbox 910 2833 1060 2918; x_wconf 90' lang='lat' dir='ltr'><strong>proprios</strong></span> <span class='ocrx_word' id='word_1_222' title='bbox 1089 2855 1185 2919; x_wconf 86' lang='lat' dir='ltr'><strong>supra</strong></span> <span class='ocrx_word' id='word_1_223' title='bbox 1207 2857 1237 2918; x_wconf 93' lang='lat' dir='ltr'><strong>p.</strong></span> <span class='ocrx_word' id='word_1_224' title='bbox 1251 2832 1374 2899; x_wconf 85' lang='lat' dir='ltr'>LXVII</span> 
     </span>
     <span class='ocr_line' id='line_1_25' title="bbox 225 2938 1373 3024; baseline 0.001 -20"><span class='ocrx_word' id='word_1_225' title='bbox 225 2940 474 3023; x_wconf 89' lang='lat' dir='ltr'><strong>nominauimus,</strong></span> <span class='ocrx_word' id='word_1_226' title='bbox 495 2962 562 3006; x_wconf 92' lang='lat' dir='ltr'><strong>non</strong></span> <span class='ocrx_word' id='word_1_227' title='bbox 585 2939 746 3005; x_wconf 84' lang='lat' dir='ltr'><strong>exhibeat:</strong></span> <span class='ocrx_word' id='word_1_228' title='bbox 771 2940 805 3004; x_wconf 91' lang='lat' dir='ltr'><strong>in</strong></span> <span class='ocrx_word' id='word_1_229' title='bbox 828 2962 892 3024; x_wconf 90' lang='lat' dir='ltr'><strong>qua</strong></span> <span class='ocrx_word' id='word_1_230' title='bbox 913 2939 1016 3004; x_wconf 84' lang='lat' dir='ltr'><strong>ueluti</strong></span> <span class='ocrx_word' id='word_1_231' title='bbox 1038 2938 1137 3004; x_wconf 92' lang='lat' dir='ltr'>Plinii</span> <span class='ocrx_word' id='word_1_232' title='bbox 1159 2963 1277 3006; x_wconf 90' lang='lat' dir='ltr'><strong>nomen</strong></span> <span class='ocrx_word' id='word_1_233' title='bbox 1299 2963 1373 3006; x_wconf 88' lang='lat' dir='ltr'><strong>nus·</strong></span> 
     </span>
     <span class='ocr_line' id='line_1_26' title="bbox 226 3045 1373 3133; baseline 0.001 -22"><span class='ocrx_word' id='word_1_234' title='bbox 226 3068 323 3130; x_wconf 89' lang='lat' dir='ltr'><strong>quam</strong></span> <span class='ocrx_word' id='word_1_235' title='bbox 345 3046 480 3133; x_wconf 87' lang='lat' dir='ltr'><strong>legatur.</strong></span> <span class='ocrx_word' id='word_1_236' title='bbox 527 3045 646 3112; x_wconf 78' lang='lat' dir='ltr'><strong>Contra</strong></span> <span class='ocrx_word' id='word_1_237' title='bbox 668 3047 772 3111; x_wconf 87' lang='lat' dir='ltr'><strong>multa</strong></span> <span class='ocrx_word' id='word_1_238' title='bbox 794 3047 890 3112; x_wconf 87' lang='lat' dir='ltr'><strong>huius</strong></span> <span class='ocrx_word' id='word_1_239' title='bbox 913 3046 1014 3131; x_wconf 87' lang='lat' dir='ltr'><strong>partis</strong></span> <span class='ocrx_word' id='word_1_240' title='bbox 1037 3051 1113 3111; x_wconf 89' lang='lat' dir='ltr'><strong>sunt</strong></span> <span class='ocrx_word' id='word_1_241' title='bbox 1135 3047 1267 3132; x_wconf 88' lang='lat' dir='ltr'><strong>propria</strong></span> <span class='ocrx_word' id='word_1_242' title='bbox 1292 3070 1373 3131; x_wconf 87' lang='lat' dir='ltr'><strong>quae</strong></span> 
     </span>
     <span class='ocr_line' id='line_1_27' title="bbox 225 3151 1374 3241; baseline 0.001 -23"><span class='ocrx_word' id='word_1_243' title='bbox 225 3153 320 3219; x_wconf 81' lang='lat' dir='ltr'><strong>facile</strong></span> <span class='ocrx_word' id='word_1_244' title='bbox 343 3154 451 3238; x_wconf 91' lang='lat' dir='ltr'><strong>quiuis</strong></span> <span class='ocrx_word' id='word_1_245' title='bbox 475 3152 625 3241; x_wconf 80' lang='lat' dir='ltr'><strong>colligere</strong></span> <span class='ocrx_word' id='word_1_246' title='bbox 648 3154 753 3239; x_wconf 92' lang='lat' dir='ltr'><strong>possit</strong></span> <span class='ocrx_word' id='word_1_247' title='bbox 771 3154 974 3241; x_wconf 84' lang='lat' dir='ltr'><strong>perlegendo.</strong></span> <span class='ocrx_word' id='word_1_248' title='bbox 1014 3151 1168 3239; x_wconf 89' lang='lat' dir='ltr'><strong>Inprimis</strong></span> <span class='ocrx_word' id='word_1_249' title='bbox 1187 3154 1374 3219; x_wconf 80' lang='lat' dir='ltr'><strong>adferuntur</strong></span> 
     </span>
     <span class='ocr_line' id='line_1_28' title="bbox 228 3259 1373 3346; baseline 0 -21"><span class='ocrx_word' id='word_1_250' title='bbox 228 3261 445 3326; x_wconf 88' lang='lat' dir='ltr'><strong>scaenicorum</strong></span> <span class='ocrx_word' id='word_1_251' title='bbox 477 3283 603 3327; x_wconf 87' lang='lat' dir='ltr'><strong>uersus:</strong></span> <span class='ocrx_word' id='word_1_252' title='bbox 635 3261 738 3326; x_wconf 88' lang='lat' dir='ltr'><strong>ueluti</strong></span> <span class='ocrx_word' id='word_1_253' title='bbox 769 3259 886 3327; x_wconf 87' lang='lat' dir='ltr'><strong>Naeuii</strong></span> <span class='ocrx_word' id='word_1_254' title='bbox 917 3260 1045 3326; x_wconf 86' lang='lat' dir='ltr'><strong>fabulae</strong></span> <span class='ocrx_word' id='word_1_255' title='bbox 1077 3262 1112 3326; x_wconf 90' lang='lat' dir='ltr'><strong>in</strong></span> <span class='ocrx_word' id='word_1_256' title='bbox 1143 3261 1249 3346; x_wconf 90' lang='lat' dir='ltr'><strong>priore</strong></span> <span class='ocrx_word' id='word_1_257' title='bbox 1281 3265 1373 3346; x_wconf 90' lang='lat' dir='ltr'><strong>parte</strong></span> 
     </span>
    </p>
   </div>
   <div class='ocr_carea' id='block_1_5' title="bbox 226 3364 1373 3756">
    <p class='ocr_par' dir='ltr' id='par_1_6' title="bbox 226 3364 1373 3756">
     <span class='ocr_line' id='line_1_29' title="bbox 227 3364 1373 3454; baseline 0 -23"><span class='ocrx_word' id='word_1_258' title='bbox 227 3367 326 3432; x_wconf 89' lang='lat' dir='ltr'><strong>semel</strong></span> <span class='ocrx_word' id='word_1_259' title='bbox 352 3368 577 3434; x_wconf 82' lang='lat' dir='ltr'><strong>tantummodo</strong></span> <span class='ocrx_word' id='word_1_260' title='bbox 605 3368 793 3434; x_wconf 89' lang='lat' dir='ltr'><strong>adferuntur</strong></span> <span class='ocrx_word' id='word_1_261' title='bbox 821 3364 864 3454; x_wconf 91' lang='lat' dir='ltr'><strong>(p.</strong></span> <span class='ocrx_word' id='word_1_262' title='bbox 891 3367 964 3452; x_wconf 94' lang='grc'>127,</span> <span class='ocrx_word' id='word_1_263' title='bbox 978 3365 1013 3454; x_wconf 81' lang='lat'><strong>5)</strong></span> <span class='ocrx_word' id='word_1_264' title='bbox 1038 3370 1151 3452; x_wconf 89' lang='lat' dir='ltr'><strong>semel,</strong></span> <span class='ocrx_word' id='word_1_265' title='bbox 1179 3368 1265 3452; x_wconf 92' lang='lat' dir='ltr'><strong>quod</strong></span> <span class='ocrx_word' id='word_1_266' title='bbox 1288 3369 1373 3453; x_wconf 88' lang='lat' dir='ltr'><strong>apud</strong></span> 
     </span>
     <span class='ocr_line' id='line_1_30' title="bbox 226 3472 1373 3562; baseline 0.002 -25"><span class='ocrx_word' id='word_1_267' title='bbox 226 3472 428 3538; x_wconf 86' lang='lat' dir='ltr'><strong>Prisciannm</strong></span> <span class='ocrx_word' id='word_1_268' title='bbox 445 3473 565 3541; x_wconf 87' lang='lat' dir='ltr'><strong>totiens</strong></span> <span class='ocrx_word' id='word_1_269' title='bbox 584 3475 766 3540; x_wconf 86' lang='lat' dir='ltr'><strong>adhibitum</strong></span> <span class='ocrx_word' id='word_1_270' title='bbox 781 3479 830 3539; x_wconf 91' lang='lat' dir='ltr'><strong>est</strong></span> <span class='ocrx_word' id='word_1_271' title='bbox 844 3474 963 3540; x_wconf 89' lang='lat' dir='ltr'><strong>bellum</strong></span> <span class='ocrx_word' id='word_1_272' title='bbox 977 3473 1137 3541; x_wconf 87' lang='lat' dir='ltr'><strong>Punicum</strong></span> <span class='ocrx_word' id='word_1_273' title='bbox 1151 3472 1197 3562; x_wconf 85' lang='lat' dir='ltr'><strong>(p.</strong></span> <span class='ocrx_word' id='word_1_274' title='bbox 1213 3476 1285 3558; x_wconf 89' lang='grc'>128,</span> <span class='ocrx_word' id='word_1_275' title='bbox 1303 3472 1373 3562; x_wconf 79' lang='grc'><strong>17);</strong></span> 
     </span>
     <span class='ocr_line' id='line_1_31' title="bbox 226 3569 1373 3666; baseline 0.003 -22"><span class='ocrx_word' id='word_1_276' title='bbox 226 3580 281 3646; x_wconf 91' lang='lat' dir='ltr'><strong>hic</strong></span> <span class='ocrx_word' id='word_1_277' title='bbox 303 3579 425 3646; x_wconf 87' lang='lat' dir='ltr'><strong>bellum</strong></span> <span class='ocrx_word' id='word_1_278' title='bbox 443 3580 602 3647; x_wconf 89' lang='lat' dir='ltr'><strong>Punicum</strong></span> <span class='ocrx_word' id='word_1_279' title='bbox 624 3569 793 3666; x_wconf 82' lang='lat' dir='ltr'><strong>nusquam,</strong></span> <span class='ocrx_word' id='word_1_280' title='bbox 815 3581 933 3648; x_wconf 89' lang='lat' dir='ltr'><strong>Naeuii</strong></span> <span class='ocrx_word' id='word_1_281' title='bbox 956 3582 1139 3648; x_wconf 89' lang='lat' dir='ltr'><strong>comoediae</strong></span> <span class='ocrx_word' id='word_1_282' title='bbox 1157 3582 1223 3647; x_wconf 88' lang='lat' dir='ltr'><strong>fere</strong></span> <span class='ocrx_word' id='word_1_283' title='bbox 1241 3583 1373 3647; x_wconf 89' lang='lat' dir='ltr'><strong>triciens</strong></span> 
     </span>
     <span class='ocr_line' id='line_1_32' title="bbox 227 3686 1373 3756; baseline 0.001 -4"><span class='ocrx_word' id='word_1_284' title='bbox 227 3687 428 3754; x_wconf 83' lang='lat' dir='ltr'><strong>adferuntur:</strong></span> <span class='ocrx_word' id='word_1_285' title='bbox 451 3688 535 3754; x_wconf 93' lang='lat' dir='ltr'><strong>idem</strong></span> <span class='ocrx_word' id='word_1_286' title='bbox 558 3689 625 3755; x_wconf 83' lang='lat' dir='ltr'><strong>fere</strong></span> <span class='ocrx_word' id='word_1_287' title='bbox 648 3689 687 3754; x_wconf 91' lang='lat' dir='ltr'><strong>de</strong></span> <span class='ocrx_word' id='word_1_288' title='bbox 710 3686 845 3755; x_wconf 83' lang='lat' dir='ltr'><strong>Afranio</strong></span> <span class='ocrx_word' id='word_1_289' title='bbox 869 3689 1039 3755; x_wconf 89' lang='lat' dir='ltr'><strong>dicendum</strong></span> <span class='ocrx_word' id='word_1_290' title='bbox 1063 3694 1112 3755; x_wconf 90' lang='lat' dir='ltr'><strong>est</strong></span> <span class='ocrx_word' id='word_1_291' title='bbox 1135 3694 1168 3756; x_wconf 87' lang='lat' dir='ltr'><strong>et</strong></span> <span class='ocrx_word' id='word_1_292' title='bbox 1191 3690 1229 3755; x_wconf 90' lang='lat' dir='ltr'><strong>de</strong></span> <span class='ocrx_word' id='word_1_293' title='bbox 1252 3688 1373 3754; x_wconf 79' lang='lat' dir='ltr'><strong>Ennio:</strong></span> 
     </span>
    </p>
   </div>
   <div class='ocr_carea' id='block_1_6' title="bbox 226 3793 1374 4524">
    <p class='ocr_par' dir='ltr' id='par_1_7' title="bbox 226 3793 1374 4524">
     <span class='ocr_line' id='line_1_33' title="bbox 228 3793 1373 3881; baseline -0.001 -21"><span class='ocrx_word' id='word_1_294' title='bbox 228 3798 339 3860; x_wconf 88' lang='lat' dir='ltr'><strong>contra</strong></span> <span class='ocrx_word' id='word_1_295' title='bbox 362 3793 480 3862; x_wconf 90' lang='lat' dir='ltr'><strong>Accius</strong></span> <span class='ocrx_word' id='word_1_296' title='bbox 508 3800 541 3860; x_wconf 88' lang='lat' dir='ltr'><strong>et</strong></span> <span class='ocrx_word' id='word_1_297' title='bbox 567 3795 728 3863; x_wconf 87' lang='lat' dir='ltr'><strong>Pacuuius</strong></span> <span class='ocrx_word' id='word_1_298' title='bbox 750 3817 823 3861; x_wconf 89' lang='lat' dir='ltr'><strong>raro</strong></span> <span class='ocrx_word' id='word_1_299' title='bbox 847 3796 882 3861; x_wconf 91' lang='lat' dir='ltr'><strong>in</strong></span> <span class='ocrx_word' id='word_1_300' title='bbox 903 3795 965 3861; x_wconf 89' lang='lat' dir='ltr'><strong>hac</strong></span> <span class='ocrx_word' id='word_1_301' title='bbox 987 3800 1092 3880; x_wconf 86' lang='lat' dir='ltr'><strong>parte,</strong></span> <span class='ocrx_word' id='word_1_302' title='bbox 1120 3799 1223 3862; x_wconf 88' lang='lat' dir='ltr'><strong>multo</strong></span> <span class='ocrx_word' id='word_1_303' title='bbox 1247 3797 1373 3881; x_wconf 88' lang='lat' dir='ltr'><strong>saepius</strong></span> 
     </span>
     <span class='ocr_line' id='line_1_34' title="bbox 227 3901 1373 3990; baseline 0.002 -25"><span class='ocrx_word' id='word_1_304' title='bbox 227 3901 262 3965; x_wconf 91' lang='lat' dir='ltr'><strong>in</strong></span> <span class='ocrx_word' id='word_1_305' title='bbox 307 3902 413 3986; x_wconf 91' lang='lat' dir='ltr'><strong>priore</strong></span> <span class='ocrx_word' id='word_1_306' title='bbox 453 3901 613 3990; x_wconf 80' lang='lat' dir='ltr'><strong>leguntur.</strong></span> <span class='ocrx_word' id='word_1_307' title='bbox 682 3902 759 3969; x_wconf 81' lang='lat' dir='ltr'><strong>Sola</strong></span> <span class='ocrx_word' id='word_1_308' title='bbox 799 3904 834 3968; x_wconf 91' lang='lat' dir='ltr'><strong>in</strong></span> <span class='ocrx_word' id='word_1_309' title='bbox 873 3902 934 3968; x_wconf 90' lang='lat' dir='ltr'><strong>hac</strong></span> <span class='ocrx_word' id='word_1_310' title='bbox 974 3907 1066 3987; x_wconf 82' lang='lat' dir='ltr'><strong>parte</strong></span> <span class='ocrx_word' id='word_1_311' title='bbox 1107 3904 1226 3990; x_wconf 84' lang='lat' dir='ltr'><strong>legitur</strong></span> <span class='ocrx_word' id='word_1_312' title='bbox 1265 3901 1373 3968; x_wconf 88' lang='lat' dir='ltr'><strong>Plauti</strong></span> 
     </span>
     <span class='ocr_line' id='line_1_35' title="bbox 227 4007 1373 4096; baseline 0.001 -23"><span class='ocrx_word' id='word_1_313' title='bbox 227 4007 406 4075; x_wconf 84' lang='lat' dir='ltr'><strong>Friuolaria</strong></span> <span class='ocrx_word' id='word_1_314' title='bbox 437 4014 470 4074; x_wconf 90' lang='lat' dir='ltr'><strong>et</strong></span> <span class='ocrx_word' id='word_1_315' title='bbox 502 4007 635 4096; x_wconf 77' lang='lat' dir='ltr'><strong>Caecus,</strong></span> <span class='ocrx_word' id='word_1_316' title='bbox 672 4009 769 4076; x_wconf 87' lang='lat' dir='ltr'><strong>Attae</strong></span> <span class='ocrx_word' id='word_1_317' title='bbox 801 4014 834 4076; x_wconf 89' lang='lat' dir='ltr'><strong>et</strong></span> <span class='ocrx_word' id='word_1_318' title='bbox 864 4009 1007 4075; x_wconf 81' lang='lat' dir='ltr'><strong>lucentii</strong></span> <span class='ocrx_word' id='word_1_319' title='bbox 1037 4012 1183 4096; x_wconf 89' lang='lat' dir='ltr'><strong>nomina,</strong></span> <span class='ocrx_word' id='word_1_320' title='bbox 1220 4009 1373 4075; x_wconf 82' lang='lat' dir='ltr'><strong>Sisennae</strong></span> 
     </span>
     <span class='ocr_line' id='line_1_36' title="bbox 226 4114 1374 4203; baseline 0.002 -23"><span class='ocrx_word' id='word_1_321' title='bbox 226 4114 425 4182; x_wconf 89' lang='lat' dir='ltr'><strong>Milesiarum</strong></span> <span class='ocrx_word' id='word_1_322' title='bbox 448 4116 503 4182; x_wconf 91' lang='lat' dir='ltr'><strong>lib.</strong></span> <span class='ocrx_word' id='word_1_323' title='bbox 521 4116 601 4182; x_wconf 93' lang='lat' dir='ltr'>XIII</span> <span class='ocrx_word' id='word_1_324' title='bbox 624 4118 695 4183; x_wconf 89' lang='lat' dir='ltr'><strong>alia.</strong></span> <span class='ocrx_word' id='word_1_325' title='bbox 736 4117 850 4203; x_wconf 89' lang='lat' dir='ltr'><strong>Neque</strong></span> <span class='ocrx_word' id='word_1_326' title='bbox 872 4119 1095 4185; x_wconf 89' lang='lat' dir='ltr'><strong>tantummodo</strong></span> <span class='ocrx_word' id='word_1_327' title='bbox 1119 4120 1153 4184; x_wconf 95' lang='lat' dir='ltr'><strong>in</strong></span> <span class='ocrx_word' id='word_1_328' title='bbox 1170 4117 1297 4183; x_wconf 90' lang='lat' dir='ltr'><strong>Lucilio</strong></span> <span class='ocrx_word' id='word_1_329' title='bbox 1320 4116 1374 4182; x_wconf 93' lang='lat' dir='ltr'><strong>ad-</strong></span> 
     </span>
     <span class='ocr_line' id='line_1_37' title="bbox 227 4222 1374 4312; baseline 0.004 -27"><span class='ocrx_word' id='word_1_330' title='bbox 227 4222 358 4289; x_wconf 86' lang='lat' dir='ltr'><strong>ferendo</strong></span> <span class='ocrx_word' id='word_1_331' title='bbox 376 4224 459 4289; x_wconf 87' lang='lat' dir='ltr'><strong>ratio</strong></span> <span class='ocrx_word' id='word_1_332' title='bbox 478 4223 648 4309; x_wconf 85' lang='lat' dir='ltr'><strong>discrepat.</strong></span> <span class='ocrx_word' id='word_1_333' title='bbox 691 4223 803 4290; x_wconf 90' lang='lat' dir='ltr'><strong>Veluti</strong></span> <span class='ocrx_word' id='word_1_334' title='bbox 821 4248 852 4309; x_wconf 89' lang='lat' dir='ltr'><strong>p.</strong></span> <span class='ocrx_word' id='word_1_335' title='bbox 867 4225 954 4312; x_wconf 83' lang='lat'><strong>84,6</strong></span> <span class='ocrx_word' id='word_1_336' title='bbox 977 4226 1099 4312; x_wconf 85' lang='lat' dir='ltr'><strong>legitur</strong></span> <span class='ocrx_word' id='word_1_337' title='bbox 1118 4227 1166 4291; x_wconf 84' lang='lat' dir='ltr'><strong>‘ut</strong></span> <span class='ocrx_word' id='word_1_338' title='bbox 1184 4227 1219 4290; x_wconf 92' lang='lat' dir='ltr'><strong>in</strong></span> <span class='ocrx_word' id='word_1_339' title='bbox 1237 4223 1374 4309; x_wconf 86' lang='lat' dir='ltr'><strong>Odyssia</strong></span> 
     </span>
     <span class='ocr_line' id='line_1_38' title="bbox 228 4331 1374 4416; baseline 0.003 -24"><span class='ocrx_word' id='word_1_340' title='bbox 228 4333 344 4415; x_wconf 85' lang='lat' dir='ltr'><strong>uetere,</strong></span> <span class='ocrx_word' id='word_1_341' title='bbox 367 4332 454 4416; x_wconf 87' lang='lat' dir='ltr'><strong>quod</strong></span> <span class='ocrx_word' id='word_1_342' title='bbox 477 4335 526 4398; x_wconf 84' lang='lat' dir='ltr'><strong>est</strong></span> <span class='ocrx_word' id='word_1_343' title='bbox 551 4331 811 4415; x_wconf 86' lang='lat' dir='ltr'><strong>antiquissimum</strong></span> <span class='ocrx_word' id='word_1_344' title='bbox 830 4333 969 4398; x_wconf 85' lang='lat' dir='ltr'><strong>carmen&#39;</strong></span> <span class='ocrx_word' id='word_1_345' title='bbox 989 4335 1109 4399; x_wconf 87' lang='lat' dir='ltr'><strong>omisso</strong></span> <span class='ocrx_word' id='word_1_346' title='bbox 1129 4333 1215 4399; x_wconf 89' lang='lat' dir='ltr'><strong>Liuii</strong></span> <span class='ocrx_word' id='word_1_347' title='bbox 1233 4333 1374 4416; x_wconf 87' lang='lat' dir='ltr'><strong>nomine,</strong></span> 
     </span>
     <span class='ocr_line' id='line_1_39' title="bbox 228 4436 1373 4524; baseline 0.003 -23"><span class='ocrx_word' id='word_1_348' title='bbox 228 4436 283 4502; x_wconf 87' lang='lat' dir='ltr'><strong>se&#39;d</strong></span> <span class='ocrx_word' id='word_1_349' title='bbox 305 4461 336 4522; x_wconf 91' lang='lat' dir='ltr'><strong>p.</strong></span> <span class='ocrx_word' id='word_1_350' title='bbox 358 4437 487 4524; x_wconf 77' lang='lat'><strong>197,15</strong></span> <span class='ocrx_word' id='word_1_351' title='bbox 510 4440 735 4505; x_wconf 90' lang='lat' dir='ltr'><strong>tantummodo</strong></span> <span class='ocrx_word' id='word_1_352' title='bbox 754 4439 890 4505; x_wconf 85' lang='lat' dir='ltr'><strong>‘Liuius&#39;</strong></span> <span class='ocrx_word' id='word_1_353' title='bbox 915 4443 1034 4507; x_wconf 88' lang='lat' dir='ltr'><strong>omisso</strong></span> <span class='ocrx_word' id='word_1_354' title='bbox 1057 4441 1188 4507; x_wconf 92' lang='lat' dir='ltr'><strong>nomine</strong></span> <span class='ocrx_word' id='word_1_355' title='bbox 1212 4441 1373 4506; x_wconf 86' lang='lat' dir='ltr'><strong>carminis.</strong></span> 
     </span>
    </p>
   </div>
   <div class='ocr_carea' id='block_1_7' title="bbox 0 0 1535 5024">
    <p class='ocr_par' dir='ltr' id='par_1_8' title="bbox 0 0 1535 5024">
     <span class='ocr_line' id='line_1_40' title="bbox 0 0 1535 5024; baseline 0 0"><span class='ocrx_word' id='word_1_356' title='bbox 0 0 1535 5024; x_wconf 95' lang='lat' dir='ltr'><strong> </strong></span> 
     </span>
    </p>
   </div>
  </div>
 </body>
</html>
