3052 5024
458 1335 760 1409 CONSPEO'IUS
787 1335 965 1409 OPERIS.

658 1497 764 1504 „—

226 1581 246 1634 I.
266 1581 476 1651 Prolegomena.
519 1580 565 1634 De
589 1582 714 1635 satura.
757 1580 960 1651 orthographia
987 1599 1014 1650 p.
1030 1580 1076 1634 IX.
1115 1579 1287 1650 etymologia

136 1671 287 1740 p.Xseqq.
321 1673 417 1725 satura
432 1671 568 1724 farcimen
581 1689 607 1740 p.
618 1670 664 1724 XI.
696 1670 742 1724 lex
757 1672 854 1723 satura
867 1689 894 1740 p.
905 1670 950 1724 XI.
979 1670 1129 1724 Diomedes
1148 1686 1289 1739 gramma-

136 1761 211 1813 ticus
234 1779 261 1829 p.
276 1760 322 1813 XI.
360 1759 519 1813 Euanthius
544 1762 573 1814 et
590 1759 713 1813 Isidorus
736 1779 763 1829 p.
779 1759 836 1813 XII.
876 1759 1035 1814 Scholiasta
1058 1759 1169 1813 Horatii
1188 1778 1213 1828 p.
1229 1759 1288 1812 XII.

137 1849 233 1917 Lydus
252 1868 279 1918 p.
294 1849 353 1903 XII.
392 1848 581 1919 etymologiae
608 1848 816 1920 philologorum
843 1847 927 1902 huius
955 1849 1020 1902 aeui
1047 1867 1074 1918 p.
1089 1847 1160 1903 XIII.
1205 1847 1290 1901 Ennii

138 1940 252 1992 saturae
270 1957 297 2007 p.
312 1930 385 1992 XIII.
423 1937 526 1992 Lucilii
545 1941 641 1992 satura
659 1958 686 2008 p.
701 1938 773 1993 XVI.
807 1938 985 1993 contumacia
997 1937 1101 1992 Lucilii
1114 1938 1144 1991 in
1162 1937 1240 2008 leges
1255 1937 1290 1990 de

137 2028 250 2082 iniuriis
269 2047 296 2098 p.
310 2027 382 2082 XVI.
415 2028 505 2081 metra
523 2027 626 2082 Lucilii
640 2046 667 2097 p.
682 2027 767 2082 XVII.
801 2027 977 2097 septenarius
991 2027 1151 2082 trochaicus
1165 2027 1290 2081 omnium

138 2121 292 2173 metrorum
328 2117 544 2171 fundamentum
580 2137 607 2187 p.
631 2117 716 2172 XVII.
768 2116 897 2170 Lucilii
933 2134 1035 2171 nomen
1073 2116 1167 2186 patria
1200 2133 1289 2171 sermo

139 2228 166 2278 p.
186 2207 284 2262 XVIII.
327 2222 415 2276 genus
443 2226 470 2276 p.
490 2207 560 2261 XIX.
599 2207 719 2261 diuitiae
742 2225 769 2276 p.
785 2207 855 2260 XIX.
893 2206 1011 2276 praedia
1035 2225 1062 2276 p.
1078 2206 1136 2259 XX.
1179 2205 1290 2260 famiha

139 2317 166 2367 p.
185 2296 244 2350 XX.
286 2295 322 2350 Iis
351 2313 415 2350 cum
437 2296 530 2366 Appio
555 2295 672 2350 Claudio
701 2297 736 2351 de
764 2314 832 2367 agro
855 2296 969 2367 publico
992 2297 1023 2351 in
1047 2298 1147 2351 senatu
1170 2315 1197 2366 p.
1217 2296 1288 2350 XXI.
1349 2336 1355 2350 .

140 2388 239 2441 domus
267 2385 297 2439 in
324 2385 393 2440 urbe
421 2404 447 2455 p.
468 2385 539 2440 XXI.
582 2388 661 2440 aetas
689 2405 716 2456 p.
736 2386 806 2440 XXI.
849 2404 904 2455 quo
933 2402 1006 2441 anno
1035 2385 1138 2441 obierit
1162 2404 1189 2455 p.
1205 2385 1288 2440 XXII.

142 2477 177 2530 de
205 2492 278 2530 anno
306 2475 366 2529 eius
394 2474 484 2528 natali
507 2494 534 2545 p.
554 2474 651 2528 XXIII.
694 2493 750 2543 quo
775 2493 847 2530 anno
870 2477 989 2530 Romam
1012 2475 1123 2530 uenerit
1146 2493 1172 2543 p.
1192 2474 1289 2528 XXIV.

140 2564 248 2617 bellum
264 2563 470 2618 Numantinum
493 2582 520 2633 p.
534 2564 619 2617 XXV.
658 2582 712 2632 quo
738 2567 864 2634 tempore
888 2567 998 2618 saturas
1022 2564 1143 2618 scribere
1167 2565 1291 2635 coeperit

144 2673 171 2722 p.
185 2652 281 2706 XXVI.
319 2671 373 2722 quo
395 2656 522 2722 tempore
546 2652 663 2708 desterit
680 2673 706 2724 p.
721 2654 818 2708 XXVI.
858 2653 978 2709 amimo
997 2652 1121 2708 laeIItur
1139 2653 1169 2708 in
1189 2669 1291 2708 scaena

143 2740 309 2796 nominatim
327 2761 353 2812 p.
368 2742 479 2797 XXVII.
509 2742 677 2798 Clitomachi
696 2745 823 2799 amicitia
841 2764 868 2815 p.
884 2743 1005 2798 XXVIII.
1035 2743 1076 2797 'ab
1090 2745 1160 2798 urbe
1175 2745 1291 2799 secessit

141 2831 292 2902 Neapolim
309 2851 336 2902 p.
351 2831 474 2887 XXVIII.
508 2833 622 2902 publico
640 2833 739 2890 frmere
756 2833 870 2889 effertur
883 2853 910 2904 p.
925 2833 1022 2887 XXIX.
1055 2834 1098 2887 De
1117 2833 1290 2904 singulorum

140 2921 277 2976 librorum
304 2922 479 2991 temporibus
507 2941 534 2991 p.
554 2922 651 2976 XXIX.
698 2924 740 2978 De
772 2926 898 2994 tempore
925 2922 1060 2976 librorum
1087 2922 1290 2977 XXVI-XXX

140 3030 168 3081 p.
183 3011 260 3065 XXX
278 3029 354 3082 seqq.
394 3011 533 3082 Scipionis
555 3030 630 3067 mors
653 3032 680 3083 p.
695 3013 805 3069 XXXV.
842 3014 884 3067 De
909 3012 990 3066 libris
1008 3011 1120 3066 I-XXI
1138 3032 1165 3083 p.
1180 3012 1290 3069 XXXV.

142 3101 185 3156 De
203 3103 329 3171 tempore
347 3101 415 3155 libri
433 3102 446 3156 Ι
464 3121 491 3171 p.
506 3102 609 3156 XXXV
628 3120 704 3172 seqq.
741 3104 783 3157 De
807 3105 972 3174 argumento
991 3104 1020 3156 et
1038 3103 1164 3172 tempore
1181 3100 1248 3155 libri
1267 3102 1293 3156 11

141 3209 169 3260 p.
184 3190 245 3244 XLI
264 3208 341 3261 seqq.
375 3191 417 3245 De
436 3192 574 3246 sociorum
593 3193 803 3262 expulsionibus
822 3191 906 3246 factis
925 3192 999 3246 inter
1018 3208 1105 3245 annos
1121 3191 1243 3264 breslau
1264 3193 1293 3245 et

142 3279 266 3352 aeallaa
290 3279 426 3348 p.XLVI.
468 3280 510 3334 De
533 3283 659 3352 ternpore
681 3282 748 3336 libri
770 3281 796 3335 V
818 3301 846 3352 p.
861 3281 968 3335 XLVII.
1010 3281 1053 3334 De
1075 3282 1202 3351 tempore
1225 3281 1291 3335 libri

141 3367 181 3421 xr
199 3387 225 3438 p.
240 3353 361 3423 raum.
398 3368 930 3440 Detemporelibrixvflp.XLV111.
963 3369 1005 3423 ne
1019 3370 1145 3438 tempore
1159 3367 1227 3423 sarr
1240 3369 1291 3422 xx

142 3477 170 3528 p.
185 3457 279 3512 XLIX.
307 3458 350 3512 De
368 3460 495 3528 tempore
509 3459 644 3514 librorum
657 3459 848 3513 XXII-XXV
861 3477 888 3528 p.
903 3460 933 3512 L.
963 3458 1004 3514 De
1018 3461 1145 3513 ueterum
1160 3458 1292 3513 editioni-

142 3547 196 3601 bus
220 3546 322 3602 Lucilii
341 3566 368 3617 p.
384 3547 413 3602 L.
452 3547 483 3613 Q.
498 3547 610 3602 Laelius
633 3548 788 3603 Archelaus
811 3549 875 3619 p.L
895 3565 951 3617 seq.
993 3547 1143 3617 Pompeius
1166 3548 1292 3602 Lenaeus

142 3655 170 3706 p.
190 3636 232 3690 LI.
274 3636 389 3692 Vettius
411 3636 588 3692 Philocomus
612 3657 638 3707 p.
658 3638 700 3692 LI.
738 3638 768 3691 P.
788 3637 918 3693 Valerius
944 3637 1013 3693 (lato
1036 3656 1062 3707 p.
1082 3637 1139 3691 LII.
1181 3635 1293 3691 Curtius

142 3724 241 3779 Nicias
264 3744 291 3795 p.
306 3726 361 3780 LII.
400 3726 502 3782 Santra
524 3746 551 3797 p.
567 3727 622 3782 LII.
666 3727 755 3782 Varro
778 3746 805 3797 p.
825 3727 893 3781 LIII.
935 3727 1003 3781 Eius
1027 3726 1169 3796 exemplar
1191 3725 1294 3780 Lucilii

132 3811 170 3884 p.
185 3814 254 3869 LIII.
297 3814 393 3870 Editio
421 3816 523 3871 Lucilii
550 3817 677 3888 uulgaris
706 3835 732 3885 p.
747 3816 816 3870 LIV.
864 3816 1063 3872 Commentarii
1090 3815 1120 3869 in
1153 3815 1293 3870 Lucilium

141 3922 170 3973 p.
185 3903 234 3957 LV
253 3920 329 3973 seqq.
366 3904 458 3960 Notae
481 3905 733 3961 Alexandrinorum
756 3925 783 3976 p.
804 3905 897 3960 LVIII.
941 3905 1095 3974 Scriptores
1118 3905 1168 3975 qui
1190 3904 1293 3960 Lucilli

142 4009 241 4047 uersus
270 3992 392 4047 afferunt
418 4012 446 4064 p.
467 3994 535 4050 LIX.
575 3997 601 4066 1)
625 3995 755 4050 Oratores
781 3998 882 4065 poetae
905 4015 931 4065 p.
953 3995 1021 4048 LIX.
1061 3994 1156 4049 Oicero
1179 4014 1206 4064 p.
1222 3993 1291 4047 LIX.

142 4082 259 4136 Asinius
274 4101 300 4151 p.
316 4083 384 4137 LIX.
417 4083 551 4138 Horatius
569 4103 597 4153 p.
613 4085 680 4138 LIX.
714 4084 857 4156 Vergilius
876 4104 902 4154 p.
918 4084 986 4138 LIX.
1022 4085 1133 4139 Persius
1152 4082 1292 4138 Martialis

142 4172 292 4227 Petronius
315 4173 457 4227 quenalis
481 4193 509 4243 p.
523 4173 591 4227 LlX.
634 4173 827 4239 Quintilianus
845 4193 872 4244 p.
887 4174 942 4227 LX.
979 4173 1117 4244 Apuleius
1136 4176 1165 4227 et
1188 4174 1292 4227 Fronto

142 4281 171 4332 p.
192 4262 247 4316 LX.
289 4262 428 4317 Vltimum
450 4263 580 4318 lectionis
603 4263 767 4318 Lucilianae
790 4264 984 4319 testimonium
1007 4282 1034 4332 p.
1053 4262 1109 4316 LX.
1152 4262 1293 4317 Arnobius

142 4371 170 4422 p.
196 4352 251 4407 LX.
299 4352 463 4407 Lactantius
495 4353 633 4424 florilegio
664 4354 755 4410 utitur
786 4373 814 4424 p.
838 4353 893 4408 LX.
940 4353 1000 4418 Quo
1032 4354 1159 4422 tempore
1191 4353 1294 4408 Lucilii

143 4441 317 4512 exemplaria
348 4443 484 4512 perierint
514 4443 616 4498 ultima
648 4463 674 4513 p.
699 4444 766 4498 LXI.
814 4442 973 4498 Scholiasta
1003 4441 1145 4496 quenalis
1173 4461 1200 4512 p.
1224 4441 1293 4496 LXI.
