3052 5024
596 294 874 347 saonaeoimua.
1195 292 1311 349 xxxix
1347 345 1358 363 ,

164 463 256 547 gesta
278 462 341 543 est,
367 479 430 542 quo
457 457 496 523 de
523 460 668 543 tempore
695 456 788 522 exilis
815 459 848 521 et
874 458 1027 522 lacunosa
1053 453 1156 544 magis
1184 459 1224 524 ad
1251 477 1310 525 nos

163 566 311 652 peruenit
333 588 440 632 rerum
459 567 622 652 gestarum
641 564 803 629 memoria.
840 562 988 647 Denique
1009 564 1092 630 inter
1109 565 1310 650 triumphum

162 673 287 738 Metelli
305 671 462 738 Baleariei
481 691 564 736 anno
584 669 722 756 ossum
744 673 850 735 aetum
869 673 902 734 et
919 670 1061 736 eiusdem
1080 671 1221 737 hominis
1240 694 1311 739 oen·

164 803 271 846 suram
295 779 477 845 incohatam
502 779 578 843 satis
600 777 766 863 probabile
790 780 840 842 est
861 777 1078 844 intercessisse
1097 779 1236 863 spatium
1255 780 1311 846 ali·

164 888 265 972 quod,
291 888 337 952 ita
360 889 397 952 ut
419 885 600 970 insequenti
629 883 758 950 demum
786 906 869 949 anno
897 904 1060 950 censorem
1088 908 1162 951 eum
1189 888 1310 952 factum

164 1016 233 1059 esse
251 993 418 1079 probabile
436 992 591 1057 uideatur.
628 991 742 1076 Neque
759 991 895 1074 denique
909 991 1005 1057 aliam
1019 993 1210 1059 sententiam
1225 1015 1311 1059 com·

164 1101 293 1167 mendat
311 1102 403 1167 locus
424 1097 586 1165 Ciceronis
605 1098 703 1164 diuin.
723 1098 758 1163 in
776 1096 864 1163 Caec.
880 1097 922 1162 69
942 1095 1053 1164 ‘Cuius
1072 1100 1310 1166 consuetudinis

163 1211 260 1293 atque
282 1207 424 1274 instituti
447 1210 554 1292 patres
578 1207 778 1289 maioresque
801 1210 928 1271 nostros
946 1227 1011 1270 non
1030 1208 1212 1291 paenitebat
1231 1211 1311 1292 tum,

164 1337 237 1381 oum
269 1315 304 1380 P.
314 1314 484 1400 Lentulus,
521 1313 550 1378 is
587 1313 643 1396 qui
679 1314 827 1398 princeps
864 1316 993 1378 senatus
1029 1313 1104 1399 fuit,
1141 1317 1311 1381 accusabat

161 1422 213 1487 M!
224 1419 392 1507 Aquilium
416 1421 633 1505 subscriptore
657 1418 820 1485 daumio
844 1419 944 1506 Rufo,
971 1422 1027 1485 aut
1052 1441 1124 1485 cum
1147 1419 1311 1489 P.Afrioa-

162 1551 231 1613 nus,
254 1529 352 1594 homo
375 1528 505 1612 uirtute,
532 1529 670 1611 fortuna,
697 1527 810 1613 gloria,
837 1528 932 1592 rebus
955 1529 1056 1615 gestis
1083 1529 1310 1613 amplissimus,

161 1640 371 1722 posteaquam
395 1635 445 1700 bis
469 1616 632 1701 consulet
654 1656 766 1699 censor
784 1634 896 1719 fuerat,
915 1633 1083 1700 LOottam
1103 1635 1138 1699 in
1156 1636 1309 1702 iudicium

161 1743 318 1808 uocabat’.
370 1742 471 1820 Quem
493 1744 601 1808 locum
616 1738 726 1807 Cicero
745 1743 791 1806 ita
809 1742 916 1807 uoluit
932 1743 1086 1829 intellegi,
1105 1747 1197 1808 uteo
1217 1766 1309 1828 anno,

161 1872 226 1935 quo
241 1872 336 1916 cansa
350 1848 474 1934 Aquilii
488 1852 559 1914 aeta
572 1853 629 1932 est,
644 1850 664 1913 i.
678 1871 704 1913 e.
719 1869 802 1913 enno
818 1845 960 1933 630s124
974 1846 1125 1936 (Appiam.
1140 1848 1170 1914 b.
1185 1872 1211 1915 c.
1225 1848 1308 1937 Ι22)

160 1956 373 2023 PLentulum
394 1956 459 2022 iam
478 1955 535 2021 illo
554 1977 685 2021 munere
703 1956 851 2022 stinctum
870 1977 939 2021 esse
957 1955 1118 2022 auditores
1138 1956 1310 2043 crederent,

161 2064 257 2129 sicuti
285 2064 324 2129 de
351 2061 544 2129 RAfriceno
575 2063 688 2128 eodem
719 2064 791 2128 loeo
824 2061 902 2128 dicit
933 2086 1006 2128 eum
1039 2084 1203 2130 accusasse
1235 2069 1309 2148 post

161 2192 336 2237 censuram.

248 2276 363 2362 Neque
386 2277 524 2362 denique
548 2281 605 2362 est,
629 2276 715 2362 quod
739 2277 932 2362 dubitemus,
959 2278 1037 2362 quin
1060 2300 1144 2345 auno
1168 2277 1309 2365 caeduo

160 2386 195 2451 Ρ.
218 2385 274 2452 ille
295 2385 453 2452 Lentulus
476 2385 625 2470 princeps
650 2389 779 2451 senatus
802 2387 921 2451 electus
944 2385 1049 2450 fuerit.
1085 2384 1200 2470 Neque
1223 2388 1308 2452 enim

160 2493 313 2580 patricius
341 2497 411 2558 tum
439 2496 507 2557 erat
537 2491 682 2576 omnino,
716 2493 772 2576 qui
804 2514 970 2558 censuram
1000 2492 1148 2580 gesserit,
1180 2497 1308 2559 mortuo

161 2598 311 2685 Scipione
336 2598 518 2665 Aemiliano
541 2599 576 2665 L.
591 2598 729 2665 Lentulo
751 2599 845 2685 Lupo
868 2596 951 2684 App.
977 2597 1124 2664 Claudio:
1151 2620 1211 2666 nec
1239 2622 1308 2666 cen-

159 2705 274 2773 sorum'
287 2707 342 2792 qui
360 2710 430 2772 tum
449 2710 539 2772 erant
561 2704 617 2772 On.
632 2705 787 2772 Seruilius
803 2705 920 2792 Caepio
939 2705 974 2770 L.
990 2705 1122 2771 Cassius
1137 2706 1305 2794 Longinus

160 2815 240 2880 alter
262 2813 406 2901 plebeius
426 2814 535 2899 potuit
553 2813 689 2880 alterum
707 2814 881 2898 patricium
899 2814 1079 2899 principem
1098 2817 1227 2880 senatus
1246 2815 1308 2881 rite

160 2923 367 3006 constituere,
392 2921 478 3005 ideo,
503 2921 590 3006 quod
612 2923 693 2987 alter
716 2919 771 2987 Cn.
787 2920 956 3007 Seruilius,
983 2920 1059 2987 licet
1086 2922 1185 2987 fuerit
1211 2923 1308 3007 patri-

160 3031 239 3112 cius,
261 3051 326 3094 non
348 3033 495 3094 ueterum
517 3032 585 3094 erat
603 3029 748 3115 gentium
767 3032 800 3094 et
818 3029 986 3114 maiorum,
1009 3029 1065 3093 sed
1083 3025 1228 3094 Albanae
1247 3014 1308 3095 ori-

160 3136 243 3223 ginis
273 3133 357 3223 (Liu.
376 3135 393 3201 I
411 3136 464 3221 30,
483 3136 504 3200 2
523 3135 655 3221 Dionys.
676 3134 725 3201 III
744 3136 797 3220 29,
817 3133 865 3223 ll:
897 3140 931 3201 at
957 3159 998 3201 ne
1029 3137 1144 3201 harum
1177 3136 1307 3220 quidem

159 3243 305 3329 gentium
324 3243 381 3326 qui
398 3243 529 3308 fuerumt
548 3242 663 3330 dignos
682 3265 750 3309 esse
769 3243 926 3309 iudicatos
945 3243 1002 3309 illo
1020 3243 1143 3309 honore
1157 3244 1308 3330 exposuit

159 3348 379 3416 Mommsenus
399 3351 437 3415 de
456 3350 525 3415 iure
543 3349 632 3436 publ.
650 3373 681 3436 p.
701 3350 739 3416 R.
753 3348 803 3415 HI
822 3350 842 3414 2
862 3348 979 3438 (1888)
998 3373 1029 3437 p.
1043 3350 1118 3435 868,
1132 3351 1162 3415 4.
1194 3349 1308 3436 Itaque

159 3456 326 3544 elegerunt
348 3480 421 3523 eum
444 3458 629 3543 patricium,
657 3459 713 3543 qui
736 3459 861 3544 primus
884 3481 1010 3544 eorum,
1038 3459 1093 3544 qui
1120 3461 1307 3544 superstites

159 3568 259 3649 erant,
283 3564 485 3631 consulatum
508 3570 676 3653 gesserunt
697 3564 732 3631 P.
748 3563 933 3632 Cornelium
951 3565 1125 3632 Lentulum
1150 3588 1212 3633 cos.
1231 3568 1308 3634 anni

159 3670 310 3757 5921162,
334 3673 386 3738 eui
408 3694 511 3756 neque
533 3672 680 3758 plebeius
702 3673 755 3738 uir
777 3673 939 3739 censorius
958 3672 1307 3741 MetellusMacedoni-

159 3800 215 3844 cus
238 3780 379 3863 potuerit
407 3779 564 3864 inuidere,
591 3802 665 3846 cum
693 3778 806 3845 consul
832 3780 931 3845 buerit
958 3801 1041 3845 anno
1066 3782 1222 3869 611p43,
1247 3804 1307 3848 nec

159 3886 229 3970 ipse
251 3905 364 3952 censor
386 3886 474 3952 illius
497 3887 574 3952 anni
597 3884 653 3952 On.
668 3886 835 3971 seruilius,
860 3907 934 3952 cum
958 3888 1071 3953 consid
1097 3889 1195 3954 fuerit
1222 3876 1306 3954 anno

159 3992 288 4058 demum
312 3991 461 4079 613s141.
511 3993 625 4079 Itaque
654 4015 764 4060 mense
790 3991 898 4079 Aprili
925 3992 1066 4079 6291125
1089 3993 1123 4059 P.
1140 3993 1306 4061 Cornelius

159 4098 315 4165 Lentulus
333 4100 483 4185 princeps
501 4106 630 4168 senatus
647 4100 750 4168 lectus
769 4105 830 4167 est:
850 4122 915 4184 quo
928 4105 1074 4185 ternpore
1092 4100 1127 4166 L.
1138 4098 1306 4168 Cornelius

158 4205 315 4272 Lentulus
338 4206 449 4292 Lupus
472 4207 603 4273 obierat.
648 4206 734 4275 Nam
757 4207 918 4274 Lucilium
941 4207 1018 4274 deos
1041 4207 1205 4273 induxisse
1232 4228 1306 4274 oon·

158 4314 321 4379 tionantes
345 4314 385 4378 de
407 4315 540 4380 interitu
558 4314 643 4401 Lupi
664 4316 710 4381 ita
728 4319 765 4381 ut
783 4337 895 4382 reuera
913 4308 1033 4401 paucos
1052 4315 1120 4380 dies
1138 4319 1213 4381 ante
1232 4337 1305 4382 oon-

159 4421 313 4506 scriptam
336 4424 477 4487 saturam
501 4420 629 4509 Lupum
653 4424 824 4490 decessisse
848 4423 1052 4490 statuendum
1076 4424 1119 4488 sit
1141 4426 1174 4489 et
1196 4446 1255 4509 per
1272 4445 1306 4488 sa

1268 4589 1324 4648 J
