3052 5024
236 1478 353 1543 Lucilii
380 1480 494 1563 poetae
521 1498 607 1542 noua
635 1497 716 1560 opus
746 1498 814 1541 esse
838 1476 978 1540 editione
1001 1479 1077 1560 post
1099 1475 1298 1540 Lachmanni

146 1594 295 1659 Muelleri
331 1593 518 1658 Baehrensii
556 1614 647 1657 ouras
684 1614 779 1657 nemo
816 1591 962 1678 negabit:
1006 1591 1154 1676 inprimis
1192 1594 1300 1655 tamen

147 1714 262 1795 poetae
300 1709 483 1774 difficillimi
520 1708 673 1793 reliquias
711 1711 860 1792 operiere
900 1709 1040 1772 enarrari
1070 1705 1299 1771 commentario

147 1826 281 1891 memini
312 1826 520 1891 Franciscum
552 1825 785 1890 Buechelerum
814 1829 887 1889 ante
919 1823 998 1888 haec
1031 1824 1171 1907 quinque
1199 1823 1301 1887 lustra

146 1943 280 2007 Bonnae
304 1942 451 2008 docuisse
479 1942 514 2005 in
537 1941 655 2007 scholis
675 1941 749 2005 suis.
796 1939 978 2023 Vtrumque
1006 1940 1149 2004 laborem
1173 1941 1300 2023 suscepi

149 2081 188 2123 eo
215 2058 383 2142 libentius,
412 2057 498 2141 quod
527 2079 564 2122 eo
593 2078 657 2142 quo
685 2056 756 2121 fieri
784 2057 866 2120 solet
893 2078 982 2121 more
1006 2057 1035 2120 si
1058 2055 1231 2120 editionem
1255 2055 1301 2118 in-

148 2174 340 2258 stituissem,
373 2173 429 2238 uix
462 2174 524 2238 duo
559 2175 612 2238 uel
642 2178 707 2238 tres
740 2173 775 2237 in
804 2194 869 2236 una
895 2173 1015 2258 pagina
1043 2194 1155 2237 uersus
1181 2173 1301 2237 licebat

147 2312 340 2375 proponere:
372 2311 458 2354 nunc
491 2289 682 2376 grauissima
713 2309 857 2372 quaeque
884 2289 919 2352 in
947 2289 1152 2354 adnotatione
1180 2289 1302 2373 critica,

146 2407 271 2472 leuiora
301 2407 396 2491 posui
429 2407 464 2470 in
497 2404 741 2489 commentario,
778 2405 835 2488 qui
861 2405 952 2488 prelo
985 2406 1051 2469 iam
1082 2405 1219 2470 traditus
1253 2408 1302 2470 est

147 2524 365 2605 uolumenque
402 2521 551 2606 implebit
588 2522 732 2585 alterum.
789 2519 891 2596 Quem
925 2543 1057 2605 quaeso,
1092 2523 1194 2586 lector
1230 2542 1302 2586 can-

149 2639 237 2724 dide,
274 2642 435 2723 expectes,
473 2660 537 2722 quo
569 2637 687 2702 rectius
721 2636 759 2700 de
790 2637 853 2701 hoc
884 2637 992 2721 priore
1024 2637 1188 2702 uolumine
1220 2637 1301 2701 iudi-

148 2775 221 2818 care
244 2753 359 2838 possis.
667 2808 669 2811 ,

237 2869 365 2935 Vitiosa
387 2871 496 2955 aliqua
520 2871 679 2955 scriptura
703 2870 730 2934 si
753 2869 837 2934 forte
861 2871 973 2936 oculos
996 2870 1145 2956 effugerit
1168 2871 1301 2935 editoris

147 2991 205 3050 aut
233 2987 436 3070 correctoris,
467 2988 501 3050 in
531 2988 760 3051 commentario
793 2987 1026 3051 emendabitur:
1058 3008 1161 3070 neque
1193 2990 1302 3051 tamen

147 3103 288 3167 arbitror
315 3103 453 3167 defuisse
481 3102 681 3188 diligentiam
709 3104 799 3187 operi
827 3104 1047 3168 necessariam.
1094 3102 1301 3168 Coniecturae

147 3219 293 3282 uirorum
325 3219 493 3283 doctorum
524 3220 679 3303 plurimas
708 3220 785 3284 item
812 3220 846 3283 in
880 3221 1108 3284 commentario
1141 3221 1301 3302 quaerito:

147 3335 183 3398 in
220 3338 375 3419 apparatu
413 3335 523 3399 critico
562 3335 657 3420 posui
688 3336 911 3399 tantummodo
945 3336 1077 3400 eximias
1109 3339 1142 3400 et
1173 3357 1300 3420 paucas.

148 3449 374 3533 Quaecumque
406 3451 525 3515 tradita
551 3473 618 3516 non
646 3455 734 3535 sunt,
766 3475 803 3516 ea
832 3452 939 3515 omnia
970 3453 1083 3515 notaui
1116 3451 1301 3516 diuersitate

149 3567 334 3651 scripturae.
390 3565 493 3643 Quam
524 3569 682 3633 rationem
714 3569 826 3633 multis
860 3569 925 3632 scio
959 3568 1141 3652 displicere:
1179 3569 1302 3633 scilicet

148 3683 422 3767 pulchritudinem
444 3685 635 3769 paginarum
665 3707 702 3749 ea
729 3686 852 3749 ratione
876 3685 1007 3748 minime
1031 3685 1141 3770 augeri
1163 3685 1301 3749 libenter

149 3799 301 3864 concedo.
351 3798 471 3864 Tamen
498 3801 611 3864 utilem
640 3823 708 3865 esse
738 3823 808 3865 eam
834 3801 992 3865 rationem
1020 3801 1225 3866 manifestum
1253 3805 1302 3866 est

149 3919 182 3979 et
222 3916 423 3980 commodam
464 3917 647 3981 lectoribus.
708 3914 890 4001 Scripturas
935 3916 1077 4003 singulas
1119 3918 1301 3982 emendatas

148 4032 298 4117 religiose
317 4032 479 4096 uindicaui
497 4032 695 4097 auctoribus:
715 4033 742 4097 si
761 4033 812 4097 oui
831 4034 1007 4117 scripturae
1024 4055 1143 4098 nomen
1162 4035 1301 4098 auctoris

149 4148 281 4232 aliquod
303 4148 447 4213 additum
470 4153 621 4233 nonest,
649 4149 764 4214 editori
792 4150 890 4214 uelim
917 4150 1049 4214 tribuas.
1095 4147 1210 4229 Manci
1232 4173 1301 4215 esse

149 4268 182 4329 et
213 4265 359 4329 lacunosi
389 4266 446 4331 ubi
478 4266 541 4329 uisi
574 4269 649 4330 sunt
680 4287 806 4351 uersus,
839 4267 988 4350 suppleui
1018 4269 1055 4329 ut
1083 4267 1189 4350 potui:
1219 4288 1301 4350 quae

149 4381 374 4464 supplementa
397 4383 521 4446 cautius
545 4382 670 4447 eratin
693 4381 908 4464 adnotatione,
936 4383 1092 4446 seditem
1115 4383 1227 4447 utilius
1250 4405 1301 4446 me
