3082 5018
243 297 286 361 62
642 295 732 349 XXIX
749 313 776 349 u.
792 313 814 348 c.
830 301 972 349 699-699

170 478 221 527 915
242 461 450 545 subplantare
473 459 564 525 aiunt
588 457 701 524 Gracci
720 515 736 523 -
750 496 769 522 c
783 515 798 523 -
813 496 831 523 o
845 515 860 523 -

244 667 405 754 colligere,
428 665 596 750 auxilium,
618 669 685 730 tam
709 665 769 730 etsi
792 668 842 731 est
864 664 1007 751 indigna,
1030 666 1068 730 ut
1090 664 1200 732 feram.

242 873 346 938 hieme
369 894 466 937 unum
490 892 651 956 quamque
674 893 803 956 carpam

243 1078 398 1144 ancon
419 1078 545 1143 homini
568 1077 601 1142 n
625 1077 712 1161 quos
735 1077 823 1160 uene,
847 1051 995 1161 atienae,

243 1189 429 1270 corrumpat
451 1206 584 1270 prorsus
608 1206 647 1249 ac
668 1205 785 1249 neruos
810 1184 914 1249 omnis
938 1183 1046 1270 eligat.

171 1408 223 1457 990
242 1395 439 1477 quapropter
463 1395 585 1456 certum
609 1393 659 1455 est
679 1390 785 1455 facere
808 1394 928 1474 contra,
951 1411 989 1454 ac
1011 1389 1161 1475 persequi

242 1503 275 1564 st
297 1520 414 1563 nomeu
438 1498 561 1563 deferre
584 1496 725 1563 hominis

242 1704 414 1770 elisachare
435 1709 479 1769 est
500 1705 632 1769 uendere

550 2261 652 2334 Libri
679 2260 833 2335 XXVIII
859 2261 928 2333 aut
954 2259 1081 2332 XXIX.

600 2425 732 2514 (sensui
756 2428 896 2493 incertae
920 2424 1027 2515 sedis.)

243 2603 277 2663 at
300 2599 374 2664 cui?
398 2621 493 2684 quem
517 2598 615 2663 febris
639 2619 703 2662 una
727 2602 824 2682 atque
847 2618 912 2662 una
935 2595 1067 2681 ἀπεψία,

243 2705 323 2792 uini,
345 2707 487 2790 inquam,
509 2705 637 2791 cyathus
660 2727 744 2770 unus
767 2704 876 2790 potuit
899 2703 1021 2769 tollere.

175 2944 226 2992 925
290 2910 433 2976 Laelius
454 2911 561 2977 sacal
583 2911 621 2975 de
644 2909 782 2990 Cretaea,
805 2931 875 2976 sara
898 2911 995 2976 adse
1017 2910 1153 2976 cubitum
1174 2911 1301 2991 macra,

175 3051 226 3103 926
290 3017 369 3104 [saa
395 3017 571 3102 uoluntate]
598 3024 704 3100 sponte
730 3020 835 3101 ipsam
862 3023 971 3100 suapte
991 3018 1160 3083 adductam
1191 3023 1226 3083 at
1256 3020 1398 3086 taceam

1208 3130 1237 3190 et
1259 3131 1354 3191 serem

174 3248 225 3297 aar
289 3217 413 3281 962991

317 3560 375 3615 919
394 3560 466 3614 Non.
480 3579 507 3630 p.
524 3566 566 3626 36,
586 3566 602 3614 5
680 3561 862 3631 subplantare
888 3562 914 3616 L
939 3567 1005 3616 m.1
1030 3561 1214 3631 supplantare
1237 3561 1263 3615 L
1281 3561 1397 3616 aaa

246 3640 304 3695 919
323 3641 394 3695 Non.
413 3660 440 3712 p.
456 3646 516 3708 903,
537 3646 570 3695 13
643 3642 777 3713 colligare
796 3642 823 3697 L
882 3641 938 3696 917
958 3641 1030 3696 Non.
1045 3661 1072 3712 p.
1088 3647 1149 3709 969,
1170 3646 1202 3696 13
1274 3641 1397 3697 hiemem

246 3720 304 3776 als
322 3720 394 3775 Non.
410 3740 436 3792 p.
453 3727 513 3791 aas,
535 3727 575 3776 io.
595 3728 656 3791 aaa,
676 3729 718 3777 aa.
738 3728 799 3791 301,
819 3729 852 3776 1o
906 3722 970 3777 uua
989 3727 1040 3776 ars
1096 3722 1154 3776 ela
1173 3738 1206 3776 aa
1221 3728 1273 3776 ars
1292 3723 1329 3776 ad
1344 3728 1395 3776 301

246 3801 303 3856 929
327 3801 398 3856 Non.
413 3821 441 3872 p.
457 3808 522 3871 989,
550 3808 597 3857 96ε
626 3804 671 3859 lib.
691 3802 819 3857 XXVIIII
841 3804 939 3858 trrbait
958 3804 997 3870 L,
1021 3803 1066 3858 leb.
1086 3802 1202 3857 XXVIII
1227 3803 1253 3858 G
1342 3802 1397 3857 hac

246 3881 303 3937 922
326 3882 398 3937 Non.
412 3901 439 3952 p.
456 3888 521 3950 987,
545 3888 560 3937 8
637 3883 696 3939 923
719 3884 790 3938 Non.
810 3901 837 3953 p.
853 3888 920 3952 406,
944 3889 977 3937 99
1000 3885 1050 3939 ubi
1072 3885 1119 3939 ab.
1137 3882 1228 3938 XXVI
1250 3885 1398 3939 trebaciter:

246 3964 292 4019 lib.
306 3962 422 4018 XXVIII
439 3964 536 4019 tribuit
555 3965 754 4019 Lachmareaus
812 3964 848 4017 ad
870 3964 896 4019 G
954 3974 1053 4033 απεψα
1071 3966 1098 4020 L
1116 3969 1182 4018 m.1
1255 3962 1312 4017 924
1331 3980 1397 4032 cya-

245 4043 311 4099 thus
329 4045 434 4100 Iwaias
450 4043 547 4099 ldatus
565 4045 764 4117 Baebrerssc'as]
778 4044 886 4099 hiatrus
941 4044 1001 4100 Lib.
1015 4043 1144 4099 XXVIIII
1157 4045 1244 4112 faisse
1253 4044 1397 4113 probabile

245 4126 271 4179 si
287 4142 384 4181 reuera
403 4132 441 4180 est
459 4126 567 4180 Luerlir'
583 4127 768 4196 frapmerstrsm
785 4142 834 4180 aee
852 4127 948 4195 potiar
971 4127 1105 4181 Varronis
1176 4123 1234 4179 929
1253 4123 1341 4178 Varro
1361 4122 1397 4177 de

245 4204 263 4258 l.
279 4205 339 4260 Lat.
354 4204 393 4260 VI
412 4211 445 4260 69
519 4204 648 4276 Cretaea]
668 4203 770 4260 Grates
824 4222 875 4260 sua
893 4206 1040 4261 uoluntate
1059 4208 1103 4262 del
1119 4206 1243 4276 Soatiper
1302 4206 1397 4258 cetera

246 4286 324 4358 editt]
348 4288 458 4341 ceterae
534 4285 665 4341 Sertorios
701 4288 842 4341 coaaitcrt
865 4288 932 4342 tales
955 4287 1165 4343 Lachmaaaas:
1196 4302 1258 4338 cnm
1286 4283 1323 4337 ad
1351 4300 1397 4339 mc

247 4365 373 4419 cubitum
400 4368 518 4420 uenerat
541 4365 645 4434 Sponte
669 4366 732 4435 ipsa
760 4368 859 4435 suapte
887 4366 1010 4420 adducta
1037 4368 1069 4420 ut
1092 4367 1219 4420 tunicam
1246 4367 1275 4418 et
1303 4368 1398 4419 cetera

247 4445 388 4500 Reiceret:
407 4453 568 4502 antecessere
588 4445 706 4501 Cretaea
724 4463 814 4516 nuper
