3052 5024
595 363 875 415 PROLEGOMENA.
1181 363 1308 418 LXXXV

157 523 266 588 Plauti
285 521 522 588 Comiculariae
544 545 640 607 quam
658 523 801 590 fabulam
821 524 1008 591 Plautinum
1026 524 1126 591 Nonii
1146 528 1308 611 exemplar

156 653 223 696 non
241 630 389 713 habebat,
414 629 522 714 139,5
543 630 697 696 ‘Lucilius
716 632 770 697 lib.
786 631 860 696 VII'
881 630 1018 719 (11294)
1037 655 1193 698 unacum
1212 656 1307 698 uersu

157 737 255 803 Attae
287 761 327 802 ex
358 737 462 822 Aquis
495 735 602 802 Caldis
634 737 756 822 fabula,
791 740 900 822 quales
932 741 1021 805 locos
1054 763 1165 805 omnes
1197 740 1309 804 debuit

157 844 284 912 Nonius
318 844 401 909 libro
434 845 660 931 grammatico,
693 846 797 928 qualis
827 846 890 910 fuit
919 844 1015 911 Gellii
1044 869 1125 931 opus
1152 846 1307 912 Noctium

158 952 347 1017 Atticarum.
402 951 516 1034 Neque
554 952 736 1037 negandum
771 957 820 1018 est
855 952 909 1017 hie
943 955 1011 1018 illic
1042 954 1112 1017 fieri
1145 976 1239 1039 posse
1272 957 1308 1018 ut

158 1082 270 1124 uersus
300 1081 381 1142 quos
410 1058 589 1122 introduxit
616 1059 723 1124 uerbis
748 1058 902 1124 ‘Lucilius
927 1063 1107 1144 satyrarum
1130 1058 1185 1124 lib.
1204 1059 1231 1124 l’
1256 1062 1309 1126 uel

159 1167 314 1231 ‘Lucilius
347 1166 402 1230 lib.
421 1163 540 1230 XXVI'
570 1167 690 1251 sumpti
719 1167 784 1232 sint
811 1189 828 1232 e
856 1169 1079 1252 grammatico,
1113 1169 1169 1251 qui
1197 1168 1308 1232 eodem

159 1275 254 1339 modo
278 1295 342 1358 quo
365 1271 467 1338 Nonii
490 1295 605 1358 operae
627 1272 788 1338 Lucilium
812 1273 966 1338 attulerit.
1012 1273 1134 1350 Quibus
1159 1275 1308 1339 omnibus

159 1383 194 1446 in
212 1379 454 1466 quaestionibus
473 1380 534 1445 hac
551 1381 676 1445 ratione
694 1383 831 1465 utemur,
854 1386 891 1446 ut
910 1383 956 1446 eis
974 1380 1064 1465 locis,
1085 1380 1202 1466 quibus
1220 1386 1308 1446 recto

159 1509 292 1552 numero
333 1486 492 1551 librorum
530 1487 607 1552 ordo
645 1488 900 1572 fragmentorum
936 1487 1101 1573 procedat,
1142 1487 1203 1552 hac
1239 1489 1310 1572 ipsa

159 1597 304 1659 fruamur
328 1594 570 1678 commoditate,
593 1595 639 1659 ita
661 1599 698 1658 ut
721 1599 777 1659 aut
799 1595 1025 1681 progrediente
1048 1595 1159 1660 ordine
1182 1599 1311 1660 utamur

160 1705 194 1766 in
222 1701 428 1786 disponendis
457 1703 593 1787 singulis
620 1703 820 1788 singulorum
842 1702 1000 1769 librorum
1023 1702 1227 1788 fragmentis,
1255 1707 1311 1768 aut

160 1920 300 2001 apparet.
351 1914 414 1990 Qui
446 1913 524 1978 ordo
557 1914 751 1998 ubicumque
784 1917 845 1979 erit
878 1919 1035 2000 seruatus,
1068 1919 1138 1980 tum
1165 1916 1310 1981 Nonium

160 2023 277 2086 Lucilii
310 2021 486 2105 exemplari
518 2022 589 2105 ipso
621 2021 670 2084 uti
703 2021 909 2086 manifestum
942 2022 1011 2085 erit.
1060 2020 1208 2106 Denique
1241 2023 1310 2088 ubi-

161 2151 298 2213 cumque
325 2131 542 2193 enarrationes
570 2128 802 2193 uocabulorum
828 2129 925 2193 nimis
949 2131 1046 2193 erunt
1065 2129 1234 2212 absurdae,
1265 2130 1311 2194 ibi

160 2237 396 2321 mancipiorum
419 2235 645 2320 deprendimus
670 2257 800 2320 operam
824 2234 938 2300 domus
957 2233 1134 2319 Nouianae,
1157 2236 1214 2301 ubi
1238 2237 1310 2302 doc-

159 2345 278 2409 trinam
316 2342 476 2428 quandam
513 2364 668 2428 agnoscas
705 2344 739 2406 in
772 2343 988 2428 glossematis,
1025 2343 1072 2407 ibi
1107 2345 1311 2428 grammatici

160 2453 296 2516 alicuius
323 2450 415 2516 labor
442 2454 569 2535 praesto
598 2453 647 2514 est
674 2453 706 2513 et
734 2449 884 2514 studium.
931 2448 1042 2513 Veluti
1070 2473 1100 2534 p.
1116 2449 1168 2533 98,
1190 2450 1230 2514 19
1254 2450 1311 2514 ubi

159 2560 279 2644 legitur
302 2558 466 2644 ‘demagiq
490 2556 583 2621 ualde
603 2556 714 2642 magis.
756 2554 900 2620 Lucilius
919 2555 974 2619 lib.
989 2553 1079 2619 XVI'
1100 2552 1252 2643 (11527),
1275 2578 1312 2621 ea

77 2718 80 2724 .
161 2665 284 2730 duabus
312 2666 383 2730 istis
414 2665 580 2729 decausis
605 2663 856 2748 agrammatieo
881 2667 1221 2747 sumptaessepatet.
1267 2662 1312 2727 At

159 2797 190 2858 p.
219 2771 296 2857 186,
324 2771 366 2836 29
405 2794 486 2855 quae
522 2770 661 2856 legimus
698 2770 850 2835 ridentes:
888 2771 1067 2853 ‘niriatum,
1104 2771 1226 2836 dictum
1263 2775 1313 2835 cst

160 2900 350 2965 magnarum
379 2879 506 2943 uirium.
552 2877 697 2942 Lucilius
722 2877 777 2941 lib.
797 2875 927 2962 XXVI',
954 2877 1034 2942 haec
1055 2875 1156 2941 Nonii
1179 2876 1312 2942 furcifer

160 2986 327 3052 adnotauit
356 3008 413 3050 sua
436 2985 594 3049 Minerua:
622 2985 716 3049 nouit
743 2985 827 3048 enim
851 2981 994 3048 Numida
1022 2986 1215 3049 uocabulum
1239 3007 1311 3069 pro-

160 3095 230 3180 prie
249 3091 366 3157 Afrum
388 3094 527 3157 niciosus
549 3089 696 3178 (Tertull.
716 3091 754 3155 de
775 3092 871 3156 anim.
892 3113 958 3176 cap.
977 3091 1017 3154 19
1036 3115 1066 3175 p.
1081 3091 1155 3174 330,
1170 3092 1212 3155 27
1237 3092 1311 3156 edit.

162 3184 301 3265 Vindob.
326 3200 448 3264 aduers.
467 3198 628 3263 Valentin.
653 3220 721 3283 cap.
738 3198 779 3263 16
804 3202 882 3263 extr.
902 3197 1053 3262 Thesaur.
1074 3200 1170 3284 gloss.
1190 3200 1310 3264 emend.

162 3331 184 3372 s.
200 3332 229 3372 u.
245 3303 408 3393 uiriosus),
431 3307 521 3370 cuius
541 3304 645 3369 simile
665 3327 733 3370 csse
751 3305 887 3390 putabat
905 3304 1058 3369 barbarus
1078 3305 1157 3370 illud
1176 3307 1313 3371 ciricius

161 3413 286 3480 Lucilii.
333 3412 425 3491 Quod
454 3413 681 3498 etymologiam
707 3414 847 3477 nominis
871 3413 1036 3497 apposuit,
1064 3413 1098 3476 id
1119 3435 1185 3478 non
1208 3415 1311 3500 magis

162 3522 309 3586 mirabile
336 3524 386 3585 est
413 3542 510 3603 quam
539 3519 625 3603 quod
654 3518 785 3584 Seruius
814 3520 854 3583 ad
877 3519 973 3606 Verg.
1000 3523 1099 3607 eclog.
1123 3519 1169 3584 IX
1189 3521 1233 3585 60
1260 3521 1313 3585 ad-

162 3629 274 3695 scribit
311 3629 427 3693 ‘dictus
460 3631 567 3692 autern
599 3626 720 3691 Bianor
751 3631 812 3711 est,
851 3628 942 3710 quasi
974 3629 1081 3691 animo
1115 3631 1147 3691 et
1180 3649 1312 3714 corpore

162 3735 379 3800 fortissimus'.
840 3722 844 3730 ’

251 3840 359 3925 Atque
378 3841 416 3905 de
435 3841 511 3906 libri
529 3843 626 3926 primi
644 3841 878 3925 compositione
893 3839 1154 3905 Schottmuelleri
1169 3841 1312 3906 tabulam

161 3973 192 4033 p.
207 3948 384 4014 811-814
407 3947 579 4014 Schmidtii
596 3972 627 4033 p.
645 3947 685 4011 13
705 3948 807 4013 secuti
826 3952 1002 4013 statuemus
1021 3952 1186 4030 tamquam
1206 3949 1312 4031 operis

163 4058 267 4122 solum
287 4060 320 4121 et
337 4056 583 4120 frmdamentum
603 4076 671 4120 esse
690 4055 764 4120 inde
783 4078 802 4118 a
820 4079 850 4140 p.
868 4055 988 4119 1-20:
1012 4077 1043 4138 p.
1055 4053 1141 4119 1-3
1156 4076 1312 4139 gramma-

162 4166 246 4229 ticus
274 4165 418 4250 ignotus,
450 4186 480 4247 p.
500 4161 609 4227 3-13
637 4161 745 4226 Plauti
772 4162 900 4227 fabulae
922 4160 1013 4244 XXI,
1040 4183 1071 4244 p.
1093 4159 1223 4224 13-14
1251 4160 1312 4224 Lu-

163 4272 290 4355 cretius,
308 4294 338 4355 p.
356 4269 486 4334 14-16
504 4268 632 4352 Accius,
651 4292 682 4353 p.
699 4269 830 4334 17-20
848 4269 1054 4353 Pomponius.
1091 4266 1152 4332 His
1170 4268 1311 4351 primum

163 4377 382 4462 superaddidit
404 4378 544 4464 primum
568 4373 710 4442 tractum
731 4378 799 4442 siue
823 4377 960 4460 primam
984 4375 1136 4440 struicem
1158 4396 1176 4438 c
1194 4374 1312 4438 Lucilii

162 4485 254 4556 libris
277 4483 429 4571 I—-XXI,
457 4489 527 4550 tum
555 4483 688 4551 alteram
712 4483 863 4552 struiccm
888 4506 905 4549 c
928 4481 1083 4548 Varronis
1107 4481 1224 4548 saturis
1247 4481 1312 4548 Me-
