3052 5024
599 287 879 340 PROLEGOMENA.
1178 284 1316 340 LXXXIII

165 450 265 515 uerba
296 449 429 515 adhibet
460 453 493 514 et
526 451 790 515 commentarium
822 470 925 532 neque
957 449 1083 514 diuersa
1115 453 1182 514 erat
1213 449 1313 515 Nonii

164 561 267 622 aetate
289 559 373 622 ratio
397 557 708 622 commentariorum.

253 663 362 747 Atque
376 663 503 765 Nonius
518 664 680 748 quomodo
700 686 781 748 opus
800 685 894 728 suurn
915 663 1131 747 composuerit
1144 664 1171 727 si
1186 666 1312 747 quaeris

163 775 237 854 apte
260 770 452 855 respondeat
475 771 547 855 quis
571 771 682 836 eodem
701 771 797 834 modo
821 771 913 834 illum
934 771 997 835 hoc
1016 787 1147 835 munere
1165 766 1311 846 functum

163 899 246 960 esse,
273 900 338 962 quo
366 877 596 962 paterfamilias
621 876 741 942 Catone
769 877 808 941 de
836 879 904 963 agri
932 878 1006 941 cult.
1029 876 1070 941 76
1093 877 1224 942 doctore
1245 881 1313 963 pla-

157 987 288 1049 centam
308 986 556 1050 concinnauerit.
598 984 742 1049 Primum
765 982 869 1049 solum
889 985 1073 1066 substernit,
1096 987 1166 1049 tum
1185 985 1313 1071 singula

162 1095 264 1156 tracta
278 1093 426 1177 imponit,
445 1091 479 1155 id
492 1095 541 1156 est
556 1091 699 1178 singulos
715 1096 819 1155 strues
833 1091 954 1155 farinae
971 1090 1129 1175 subactae,
1147 1095 1311 1175 postremo

164 1221 244 1284 opus
268 1204 373 1264 totum
398 1200 492 1263 melle
515 1200 640 1283 unguit.
687 1197 798 1262 Veluti
821 1202 858 1261 ut
877 1220 895 1261 a
912 1198 1089 1262 nouissima
1108 1220 1204 1282 opera
1223 1220 1311 1263 exor-

164 1306 241 1390 diar,
255 1328 346 1391 capp.
360 1304 485 1371 II—IV
499 1309 671 1390 postquam
687 1305 893 1370 concinnauit
906 1304 1043 1386 Nonius,
1061 1308 1131 1368 tum
1145 1307 1310 1388 tamquam

161 1413 265 1478 mellis
297 1417 405 1499 guttas
443 1413 618 1478 uersiculos
651 1411 780 1477 Horatii
816 1411 996 1495 superfudit
1033 1411 1122 1495 operi
1158 1413 1310 1495 perfecto.

162 1518 265 1585 Erant
302 1521 337 1584 in
367 1518 468 1585 Nonii
500 1519 709 1604 bybliotheca
741 1519 917 1584 carminum
949 1517 1024 1582 libri
1047 1516 1094 1582 IV
1127 1540 1310 1583 sermonum

160 1625 224 1690 duo
247 1627 310 1691 hoc
333 1626 443 1691 ordine
468 1626 630 1692 collocati:
661 1647 697 1690 ea
725 1625 892 1690 uolumina
919 1626 1066 1690 seruulus
1090 1624 1129 1689 ab
1153 1626 1247 1690 initio
1271 1627 1310 1690 ad

159 1733 257 1798 finem
280 1734 498 1818 perlustrauit,
520 1737 613 1798 notas
637 1733 763 1824 criticas
783 1734 919 1818 singulis
938 1732 1018 1796 locis
1038 1734 1196 1816 apposuit.
1239 1732 1309 1809 Quo

158 1839 244 1904 facto
264 1862 321 1910 sex
340 1842 396 1905 illa
414 1841 581 1913 uolumina
600 1841 645 1905 ita
663 1844 754 1904 erant
773 1844 965 1924 comparata,
988 1843 1025 1903 ut
1044 1839 1171 1925 singula
1190 1841 1309 1905 circum

158 1948 348 2013 umbilicum
378 1948 544 2013 sinistrum
573 1969 667 2031 quem
696 1946 831 2011 dicimus
860 1945 1034 2013 conuoluta
1055 1968 1122 2011 non
1144 1950 1310 2032 potuerint

159 2054 312 2138 adhiberi,
336 2056 399 2120 nisi
417 2056 521 2119 denuo
542 2054 687 2119 seruulus
712 2056 820 2118 omnia
843 2076 899 2118 sex
921 2055 1111 2137 reuolueret,
1135 2077 1199 2138 quo
1222 2056 1308 2121 facto

158 2162 193 2226 in
215 2163 389 2246 pristinum
414 2163 557 2227 ordinem
586 2166 676 2226 erant
702 2163 859 2226 restituta.
907 2160 977 2238 Quo
1005 2161 1114 2226 labore
1142 2165 1308 2228 commode

159 2269 387 2352 supersedebat
410 2268 510 2334 Nonii
538 2290 649 2333 seruus
677 2269 722 2332 ita
750 2272 786 2332 ut
813 2269 963 2332 ultimum
992 2270 1145 2333 uolumen
1167 2270 1307 2353 primum

157 2376 342 2460 replicando
371 2376 410 2441 ab
439 2377 592 2440 umbilico
622 2375 732 2440 dextro
761 2397 893 2439 exorsus
922 2376 967 2440 sic
990 2375 1139 2460 deinceps
1164 2377 1307 2463 singulos

158 2482 247 2546 locos
270 2481 400 2547 Horatii
423 2482 611 2568 adpingeret
634 2505 723 2567 capp.
743 2480 869 2546 Il—IV
892 2483 997 2566 operis
1021 2482 1172 2565 Noniani,
1199 2488 1236 2547 ut
1259 2507 1307 2549 or-

157 2588 230 2652 dine
250 2589 379 2654 inuerso
398 2589 494 2654 hodie
509 2591 671 2674 legantur:
690 2589 775 2652 idem
789 2589 867 2653 fecit
885 2589 919 2652 in
934 2588 1058 2653 Lucilio
1074 2611 1168 2672 quem
1184 2613 1202 2654 a
1216 2590 1307 2655 XXX

156 2696 197 2760 ad
211 2695 320 2761 XXVI
342 2697 461 2761 librum
482 2697 664 2782 regrediens
684 2697 795 2761 ordine
813 2695 879 2761 fere
898 2717 1024 2780 semper
1042 2696 1198 2779 adhibuit,
1221 2698 1305 2763 idem

155 2824 398 2887 nonnumquam
429 2803 463 2868 in
489 2803 608 2869 Lucilii
639 2803 731 2868 libris
758 2802 880 2867 I-XX
904 2801 1067 2868 Ciceronis
1099 2805 1246 2888 epistulis
1275 2810 1307 2870 et

154 2909 364 2975 Academicis.
407 2911 494 2988 Quae
518 2934 568 2976 res
592 2933 658 2975 non
681 2912 784 2975 insani
809 2911 930 2994 stupidi
949 2911 1050 2995 inepti
1070 2916 1138 2976 erat
1155 2912 1306 2997 hominis,

155 3017 210 3081 sed
238 3018 398 3102 parcentis
427 3018 550 3082 uiribus
579 3023 611 3082 et
636 3018 773 3102 tempori
805 3022 837 3082 et
860 3017 1027 3083 commode
1052 3020 1147 3083 sicuti
1170 3019 1305 3085 fecimus

155 3125 203 3214 rei
230 3125 381 3190 librariae
409 3125 597 3191 condicione
625 3128 656 3190 et
688 3126 813 3190 ratione
845 3129 953 3209 potest
986 3127 1147 3209 explicari.
1200 3125 1305 3204 Quare

155 3215 277 3297 factum
302 3236 410 3296 estut
434 3233 545 3298 ordine
568 3233 715 3319 legitimo
739 3254 851 3296 uersus
875 3231 1003 3297 Horatii
1027 3254 1137 3298 omnes
1161 3255 1230 3298 sese
1253 3258 1305 3299 ex-

154 3339 284 3423 cipiant,
306 3338 369 3404 hoc
391 3340 502 3404 modo:

189 3443 273 3510 Non.
288 3466 355 3530 cap.
374 3444 406 3510 H
433 3470 463 3531 p.
481 3446 589 3534 120,5
634 3447 739 3511 hallec
806 3446 1074 3511 ‹vHoratserm
1099 3445 1241 3532 114,73

219 3604 237 3636 a
304 3603 322 3636 u
380 3603 398 3637 u
433 3577 464 3638 P·
481 3554 554 3639 134,
569 3555 612 3618 23
635 3554 785 3641 liguum
805 3584 840 3608 Ν
898 3604 915 3639 a
1014 3605 1031 3637 a
1105 3553 1121 3618 Ι
1153 3556 1183 3639 3,
1199 3556 1239 3620 81

219 3711 236 3744 „
303 3711 321 3744 „
366 3659 414 3724 IH
430 3684 459 3746 p.
479 3661 552 3744 196,
565 3661 606 3726 31
632 3662 740 3726 clunes
804 3691 839 3716 cv
897 3712 914 3745 „
1012 3711 1030 3745 „
1105 3660 1121 3725 I
1153 3663 1182 3748 2,
1198 3664 1240 3727 89

201 3816 236 3853 ,,,
304 3818 321 3851 „
379 3817 397 3851 „
428 3792 459 3853 p.
475 3768 550 3852 203,
565 3769 607 3832 29
631 3768 836 3833 diluuiemrv
893 3819 912 3853 „
979 3790 1075 3834 carm.
1090 3767 1138 3833 IV
1155 3771 1204 3854 14,
1220 3771 1261 3836 28

219 3924 236 3957 „
303 3925 321 3959 „
366 3874 414 3939 IV
430 3899 461 3959 p.
476 3875 551 3959 255,
568 3876 608 3939 18
633 3898 760 3960 crepare
804 3906 840 3931 cv
897 3927 916 3960 „
1012 3927 1030 3961 „
1105 3875 1120 3940 I
1156 3877 1240 3960 lac

151 3980 245 4045 Vnde
268 3985 400 4066 apparet
422 3983 550 4047 inuerso
575 3982 685 4048 ordine
704 3983 847 4048 eiusdem
866 3987 1047 4048 saturarum
1065 3984 1141 4048 libri
1159 3982 1174 4047 I
1197 3985 1303 4048 afferri

150 4087 345 4173 fragmenta:
365 4089 449 4152 idem
468 4090 502 4153 in
517 4089 635 4155 Lucilii
654 4091 771 4154 saturis
791 4113 852 4155 usn
869 4091 980 4155 uenire
998 4095 1112 4175 postca
1126 4091 1302 4174 apparebit.

151 4191 215 4258 Sed
245 4215 313 4258 non
345 4216 471 4279 semper
501 4217 576 4261 casu
608 4219 763 4282 prospero
790 4198 912 4262 factum
941 4200 1003 4281 est,
1035 4201 1071 4260 ut
1099 4200 1165 4260 tam
1193 4201 1302 4280 aperte

149 4299 250 4365 Nonii
291 4302 374 4367 ratio
417 4308 631 4390 cognoscatur
672 4328 711 4370 ex
751 4304 862 4368 ordine
899 4306 1131 4388 excerptorum.
1189 4302 1301 4369 Veluti

149 4406 416 4475 Academicorum
441 4409 657 4494 posteriorum
680 4411 735 4476 lib.
755 4410 802 4475 IV
826 4415 858 4475 et
880 4410 928 4475 ΙΙΙ
952 4410 1060 4474 eadem
1083 4410 1208 4474 ratione
1232 4432 1301 4494 per-

1055 4513 1087 4571 fs
