3052 5024
215 330 304 384 XXVI
645 333 923 385 PROLEGOMENA.

216 494 328 561 dandis
360 494 566 582 adsignandis
598 494 775 560 iudicandis
807 516 911 579 neque
943 495 1073 580 publico
1106 514 1186 582 agro
1215 496 1250 560 in
1278 501 1364 563 terra

216 602 376 667 sociorum
400 623 503 686 neque
526 602 653 687 priuato
673 602 847 687 parcebant
869 603 945 667 dum
964 601 1052 687 plebi
1076 621 1183 669 comes
1206 607 1238 668 et
1261 605 1363 669 muni-

215 710 269 775 fici
296 710 493 775 uiderentur:
516 709 635 794 ubique
659 710 772 776 turbae
796 710 943 794 querelae
965 709 1039 776 lites
1062 711 1247 776 innumerae
1271 733 1308 776 ea
1328 733 1364 776 re

216 819 345 882 exortae
368 838 447 901 quas
471 819 598 882 enarrat
616 814 785 902 Appianas
804 817 877 882 bell.
893 814 984 882 ciul
1004 817 1045 881 18
1075 815 1276 904 (Zeitschrift
1297 817 1364 883 id.

216 923 332 1011 gebild.
347 922 438 990 Welt
455 921 503 989 IV
524 923 609 989 1883
627 946 657 1008 p.
672 920 762 1008 230).
799 921 888 988 Idem
908 944 975 1009 cap.
992 924 1033 989 19
1052 923 1160 1010 pergit
1177 926 1240 990 hoc
1254 925 1364 990 modo:

215 1032 376 1099 ταῦτάτε
399 1031 440 1115 δη
463 1028 519 1096 καὶ
542 1030 601 1107 τάς
623 1027 677 1096 ἐπὶ
701 1031 833 1107 τούτοις
854 1041 923 1096 τῶν
946 1033 1146 1111 δικαζόντων
1169 1029 1305 1111 ἐπείξεις
1323 1032 1364 1098 οὐ

216 1138 373 1227 φέροντες
396 1140 429 1204 ol
446 1135 627 1204 Ἰταλιῶται
659 1139 851 1225 Κορνήλιον
882 1140 1071 1223 Σκιπίωνα,
1103 1137 1139 1216 ὃς
1162 1141 1365 1225 Καρχηδόνα

216 1245 412 1332 ἐπόρθησεν,
435 1243 551 1330 ἠξίουν
573 1245 761 1332 προστάτην
784 1255 881 1330 σφῶν
904 1245 1133 1330 ἀδικουμένων
1156 1244 1322 1329 γενέσθαι.
1346 1245 1364 1312 ὁ

216 1352 245 1419 δ’
259 1352 294 1431 ἐς
306 1356 384 1430 τοὺς
398 1351 563 1438 πολέμους
576 1351 690 1430 αὐτοῖς
703 1351 900 1440 κεχρημένος
913 1353 1181 1440 προθυμοτάτοις
1192 1353 1364 1440 ὑπεριδεῖν

215 1484 250 1526 τε
278 1462 405 1545 ὤκνησε
419 1509 426 1525 .
442 1511 470 1525 ..
498 1458 553 1525 καὶ
580 1471 676 1545 μῖσος
706 1457 866 1526 ἐντεῦθεν
893 1459 1014 1547 ἤρξατο
1042 1459 1076 1538 ἐς
1102 1461 1162 1526 τὸν
1189 1463 1364 1535 Σκιπίωνα

215 1575 276 1633 τοῦ
291 1567 398 1652 δήμου
411 1565 467 1633 καὶ
476 1567 705 1652 ἀγανάκτησις,
716 1568 767 1634 ὅτι
777 1567 880 1634 αὐτὸν
890 1566 1117 1652 ἀγαπήσαντες
1126 1565 1363 1654 ἐπιφθόνως...

215 1675 344 1741 ὕπατόν
385 1698 420 1740 τε
464 1673 515 1753 δὶς
556 1672 706 1757 ἑλόμενοι
748 1677 946 1762 παρανόμως
987 1671 1071 1761 ὑπὲρ
1115 1686 1183 1741 τῶν
1221 1673 1364 1741 Ἰταλιω-

215 1793 283 1848 τῶν
312 1781 574 1868 ἀντιπεπραχότα
604 1784 722 1867 σφίσιν
748 1779 869 1869 ἑώρων.
923 1779 999 1847 Non
1028 1780 1161 1847 dubium
1192 1786 1254 1866 est,
1287 1782 1365 1866 quin

215 1889 342 1956 Lucilio
379 1889 527 1974 inprimis
563 1892 698 1976 rogante
734 1888 951 1974 patrocinium
990 1889 1150 1954 sociorum
1189 1888 1365 1973 susceperit

217 1996 325 2082 Scipio
363 2018 458 2082 quem
488 1994 631 2060 Lucilius
669 2017 733 2079 quo
770 1996 839 2060 iure
877 1995 986 2060 incert.
1011 2019 1041 2059 u.
1067 1995 1151 2059 1138
1186 1993 1365 2062 ‘Gemellus

216 2103 350 2169 Publius
382 2107 492 2168 noster
523 2100 701 2187 Scipiadas'
734 2102 851 2167 dixerit
882 2102 917 2166 in
956 2103 1185 2167 commentario
1217 2103 1364 2187 pluribus

217 2210 431 2295 exposuimus.
462 2209 597 2276 PubIIco
610 2209 723 2275 timere
737 2213 849 2295 postea
864 2210 949 2295 quod
964 2209 1002 2274 de
1016 2209 1223 2276 decurionum
1238 2211 1365 2276 decreto

216 2318 319 2384 elatus
343 2321 391 2383 est
414 2321 509 2403 poeta
531 2316 679 2403 Neapoli,
703 2317 736 2381 id
759 2318 881 2383 factum
903 2339 973 2383 esse
995 2321 1128 2402 apparet
1150 2321 1183 2383 et
1201 2316 1243 2382 ob
1263 2318 1366 2384 muni-

216 2424 378 2491 ficentiam
406 2425 546 2491 hominis
578 2424 688 2492 diuitis
716 2447 793 2512 erga
816 2423 981 2510 oppidum,
1004 2424 1039 2488 in
1062 2445 1126 2508 quo
1151 2425 1234 2489 diem
1258 2444 1365 2511 supra

216 2555 306 2598 mum
330 2530 420 2617 obiit,
443 2536 476 2598 et
499 2532 540 2598 ob
559 2533 674 2599 merita
692 2533 761 2599 eins
780 2533 814 2598 in
833 2532 937 2598 socios
956 2529 1095 2596 Italicos.
1135 2528 1250 2617 ltaque
1268 2556 1364 2618 quam

217 2642 336 2706 sectam
365 2645 397 2705 et
424 2640 596 2706 factionem
625 2641 667 2704 in'
686 2639 852 2726 republica
880 2642 1007 2705 secutus
1032 2638 1205 2725 aitpoeta,
1227 2657 1294 2705 non
1318 2644 1366 2705 est

217 2748 302 2832 quod
326 2751 505 2832 exponatur
528 2748 689 2833 pluribus:
712 2748 848 2813 infestus
872 2750 940 2812 erat
962 2743 1164 2830 Gracchanis,
1185 2746 1365 2813 nobilitatis

215 2856 336 2940 fautor,
363 2855 511 2940 inprimis
540 2854 700 2940 Scipionis
722 2854 868 2940 partibus
896 2853 1056 2938 addictus,
1084 2853 1184 2920 sicuti
1207 2853 1366 2919 debebant

217 2985 284 3028 esse
308 2962 387 3028 socii
410 2966 443 3027 et
463 2983 581 3028 nomen
599 2961 751 3028 Latinum
771 2959 916 3048 (Sallust.
931 2959 1077 3047 Iugurth.
1092 2960 1144 3044 42,
1165 2960 1181 3023 1
1204 2958 1267 3025 Cic.
1282 2959 1365 3026 Phil.

215 3068 295 3135 VIII
313 3069 344 3153 4,
366 3069 406 3135 13
425 3070 464 3134 de
482 3091 548 3154 rep.
568 3068 616 3135 ΙΠ
635 3069 687 3153 29,
702 3066 769 3157 41).
815 3068 853 3134 In
881 3068 932 3135 his
960 3068 1063 3134 turbis
1088 3067 1200 3134 litibus
1228 3068 1365 3152 querelis

177 3159 180 3164 ’
217 3177 303 3241 clara
324 3176 381 3242 illa
405 3180 481 3242 nata
506 3180 555 3243 est
583 3181 691 3242 satura
713 3175 837 3242 Lucilii
881 3174 1015 3242 Constat
1043 3175 1128 3240 enim
1157 3177 1190 3238 et
1216 3175 1254 3240 de
1282 3197 1366 3241 anno

217 3305 281 3367 quo
305 3305 437 3350 exorsus
461 3284 504 3350 sit
526 3285 640 3369 poesin
663 3307 753 3350 suam
776 3284 855 3349 noui
876 3282 1002 3369 generis
1021 3304 1080 3348 nec
1099 3281 1206 3365 minus
1224 3281 1263 3347 de
1282 3305 1366 3347 anno

217 3412 281 3474 quo
305 3390 416 3456 stilum
440 3392 631 3476 deposuerit.

49 3506 75 3536 “⁰
108 3505 202 3589 Tsss„
304 3495 413 3582 Atque
440 3496 584 3564 Velleius
607 3497 639 3564 Π
663 3499 697 3583 9,
721 3498 742 3562 3
771 3495 903 3584 (testim.
919 3495 954 3585 9)
984 3518 1057 3562 cum
1086 3496 1204 3562 scribat
1231 3496 1367 3563 ‘celebre

72 3614 94 3641 ⁰⁶
217 3607 249 3670 et
272 3602 377 3670 Lucili
402 3626 521 3671 nomen
543 3606 619 3691 fuit,
648 3605 704 3691 qui
733 3606 792 3671 sub
819 3604 854 3669 P.
870 3601 1023 3670 Africano
1052 3601 1252 3670 Numantino
1281 3604 1366 3669 bello

32 4247 77 4294 Quo
90 4249 181 4298 tempore

5 4301 91 4342 deserit
104 4301 204 4341 carmina

68 4356 143 4407 sarm

217 3732 314 3796 eques
342 3711 604 3779 militauerat’
631 3712 984 3798 plusquamperfectum
1013 3733 1086 3777 cum
1109 3711 1264 3797 posuerit,
1287 3711 1367 3776 dilu-

218 3818 287 3884 cido
318 3817 374 3883 ille
406 3817 561 3885 indicauit
591 3818 709 3886 Lucilii
735 3823 849 3905 poetae
879 3840 997 3884 nomen
1025 3819 1141 3884 saturis
1170 3818 1367 3903 inclaruisse,

217 3930 388 4010 postquam
425 3926 521 3992 rediit
557 3949 575 3991 e
610 3927 697 3992 bello
729 3924 938 3992 Numantino.
994 3924 1108 4011 Itaque
1141 3928 1215 3991 ante
1247 3948 1366 3991 annum

218 4030 367 4117 cassian
400 4036 523 4099 saturas
555 4032 699 4099 nondum
733 4033 881 4100 emiserat
912 4037 1008 4119 poeta
1046 4055 1142 4118 qnam
1175 4033 1366 4098 sententiam

218 4163 282 4226 eae,
301 4163 383 4225 quae
402 4143 582 4206 saturarum
602 4144 713 4207 extant
726 4141 889 4227 reliquiae,
906 4143 1001 4227 plane
1018 4141 1215 4207 confirmant.
1253 4139 1368 4226 Neque

218 4269 282 4332 qno
310 4251 454 4333 tempore
477 4248 607 4315 desierit
635 4248 778 4314 carmina
804 4249 908 4314 facere
932 4250 1104 4315 obscurum
1128 4247 1197 4313 erit.
1242 4246 1368 4314 Plinius

217 4357 281 4419 nat.
300 4355 374 4420 hist.
396 4354 537 4421 XXXVI
557 4354 620 4421 185
644 4356 683 4421 de
701 4355 896 4441 pauimentis
915 4356 961 4421 ita
983 4357 1082 4422 tradit
1105 4355 1240 4423 ‘Romae
1263 4360 1369 4422 scutu-

220 4461 322 4530 latum
341 4461 376 4528 in
393 4461 481 4530 louis
497 4460 672 4549 Capitolini
691 4461 767 4530 aede
785 4463 926 4549 primum
944 4464 1067 4532 factum
1086 4467 1135 4529 est
1148 4466 1223 4548 post
1237 4465 1368 4530 tertium
