3052 5024
620 302 899 356 PROLEGOMENA.
1266 304 1314 360 LV

166 462 349 531 continebat
371 462 487 545 libros,
514 461 596 529 liber
619 462 687 529 eius
710 464 811 549 partis
834 464 968 532 ultimus
987 462 1065 532 XXI
1087 468 1240 555 perierat,
1268 471 1315 535 ita

165 574 202 636 ut
228 593 247 634 a
278 568 369 634 nullo
402 570 532 635 omnino
565 569 740 663 liberiste
772 571 938 639 afferretur
969 575 1189 659 grammatico.
1235 575 1313 640 Pars

166 678 267 742 altera
281 675 465 742 continebat
478 675 579 741 libros
593 675 834 763 XXII-XXV,
847 680 943 744 tertia
956 679 1209 745 XXVI-XXX.
1244 680 1315 747 Hac

165 782 316 850 uniuersa
348 782 488 849 editione
520 785 723 870 grammatici
755 786 930 851 utebantur
960 809 1065 871 neque
1101 787 1314 854 demonstrari

163 890 284 976 poterit
307 912 346 955 ex
369 890 498 955 silentio
522 890 608 976 quod
626 891 661 956 L.
671 891 845 958 Muellerus
865 890 908 980 (p.
923 891 1001 957 XIV
1021 891 1185 980 editionis)
1204 894 1314 980 posuit

162 997 264 1063 ueluti
286 995 435 1062 Persium
463 1001 495 1063 et
518 996 704 1064 quenalem
727 1000 809 1065 alios
837 1000 968 1066 omnino
996 1000 1115 1065 librum
1134 999 1244 1065 XXVI
1267 1022 1313 1066 se

162 1108 294 1190 quantes
309 1125 375 1169 non
390 1105 528 1171 nouisse.
563 1103 626 1170 Sed
639 1105 743 1171 Persii
757 1128 869 1174 uersus
883 1104 899 1172 Ι
915 1106 979 1171 114
994 1111 1027 1172 61
1039 1106 1201 1173 quenalis
1215 1107 1231 1172 I
1249 1106 1310 1173 151

161 1210 293 1299 (testim.
312 1211 364 1276 32.
384 1210 443 1299 34)
466 1216 552 1278 recte
576 1213 604 1279 si
626 1213 830 1299 interpretati
855 1236 965 1279 sumus
984 1211 1030 1300 (p.
1044 1213 1159 1300 XLV),
1183 1214 1312 1281 Persius

161 1320 224 1384 iam
257 1318 339 1383 hanc
373 1340 468 1403 quam
501 1318 668 1406 uulgarem
699 1319 837 1385 diximus
865 1320 1038 1387 editionem
1067 1320 1228 1405 adhibuit,
1259 1323 1312 1386 cui

160 1425 266 1511 primo
295 1425 368 1491 loco
397 1429 622 1512 argumentum
645 1425 721 1491 libri
740 1426 764 1511 l,
793 1428 893 1493 altero
921 1427 997 1492 libri
1016 1425 1049 1492 Π
1070 1427 1256 1493 nominetur
1278 1429 1312 1493 in

160 1537 286 1599 saturae
308 1531 493 1598 Lucilianae
517 1532 740 1618 descriptione.

249 1638 383 1704 Poetam
408 1639 630 1705 doctissimum
653 1661 719 1706 non
741 1639 870 1705 facilem
893 1641 994 1705 fuisse
1016 1641 1182 1706 intellectu
1205 1641 1311 1728 legen·
1325 1640 1474 1735 mmm
1488 1643 1511 1680 ⁶²¹

159 1746 247 1812 tibus
272 1769 311 1812 ex
334 1747 523 1833 fragmentis
552 1748 620 1811 eius
649 1748 833 1812 etiamnunc
859 1746 937 1813 licet
965 1746 1158 1834 intellegere.
1209 1747 1312 1825 Quare

161 1855 224 1919 iam
247 1853 368 1919 liberae
390 1853 585 1938 reipublicae
604 1857 750 1938 tempore
768 1854 867 1920 fuisse
886 1854 942 1939 qui
962 1855 1200 1920 commentariis
1219 1854 1312 1921 Luci-

158 1961 240 2025 lium
277 1960 469 2026 adnotarent
501 1965 749 2026 consentaneum
786 1963 848 2026 est:
885 1960 1018 2047 corrigit
1049 1959 1163 2026 Ateius
1197 1960 1311 2047 Capito

160 2068 245 2152 apud
261 2063 400 2132 Gellium
415 2064 447 2131 Π
466 2066 519 2151 24,
532 2066 554 2131 4
569 2067 885 2133 ‘commentariorum
904 2068 938 2131 in
952 2067 1112 2133 Lucilium
1128 2069 1311 2153 scriptores’

160 2196 298 2259 quorum
313 2175 479 2241 adnotatio
498 2174 665 2260 legebatur
683 2175 724 2239 ad
742 2175 852 2240 incert.
867 2199 897 2239 u.
915 2174 1000 2240 1172
1021 2174 1135 2240 ‘Fauni
1154 2178 1312 2242 centussis

163 2282 321 2348 misellus’
345 2280 476 2369 (testim.
491 2278 558 2368 43).
600 2281 724 2359 Quibus
748 2282 856 2348 uerbis
880 2283 1042 2368 significat
1061 2282 1174 2368 Capito
1194 2283 1311 2349 Lucilii

160 2389 354 2475 exemplaria
369 2389 500 2455 scholiis
511 2389 678 2475 adscriptis
689 2393 852 2474 exornata,
864 2390 994 2454 nomine
1005 2391 1144 2455 auctoris
1155 2411 1312 2476 gramma-

159 2497 217 2563 tici
240 2519 322 2581 quae
345 2497 520 2581 caruerint,
547 2497 656 2581 qualia
679 2495 816 2583 Vergilii
838 2494 968 2561 Horatii
990 2495 1093 2561 Persii
1116 2496 1311 2582 exemplaria

161 2605 345 2670 etiamnunc
368 2607 494 2669 seruata
517 2608 594 2670 sunt
615 2603 707 2669 libris
731 2603 965 2688 manuscriptis.

247 2710 365 2776 Totum
389 2732 465 2776 uero
489 2709 570 2776 illud
593 2713 689 2795 caput
714 2708 809 2776 Gellii
836 2733 900 2776 una
924 2730 997 2775 cum
1020 2709 1138 2776 Lucilii
1160 2711 1306 2777 uersibus
1321 2728 1394 2768 Ateius
1408 2729 1483 2778 Cardo

123 2892 127 2898 .
159 2842 198 2884 ex
225 2816 321 2884 Ateio
355 2822 520 2902 sumptum
553 2840 621 2884 esse
648 2817 722 2883 inde
751 2818 886 2902 efficias,
919 2817 1005 2902 quod
1033 2822 1066 2882 et
1094 2817 1188 2882 initio
1216 2823 1248 2884 61
1275 2818 1310 2884 in

158 2927 274 2991 ultima
296 2925 508 3012 paragrapho,
532 2949 595 3010 qua
613 2924 652 2990 de
669 2924 811 3013 Augusti
830 2925 883 2990 uel
901 2924 1022 2990 Tiberii
1041 2925 1146 2990 edicto
1166 2929 1309 3009 sumptu-

158 3034 225 3099 ario
258 3034 366 3119 agitur
396 3033 465 3099 eius
497 3054 615 3098 nomen
649 3032 803 3117 adfertur,
835 3032 912 3097 libri
942 3053 1095 3097 numerus
1124 3032 1164 3097 ad
1191 3030 1309 3097 Lucilii

157 3163 269 3207 uersus
292 3162 358 3205 non
380 3140 507 3206 additus
530 3144 580 3206 est
603 3144 635 3205 61
656 3143 724 3205 tam
747 3139 909 3206 subtiliter
932 3143 965 3205 et
987 3143 1134 3205 accurate
1157 3140 1195 3204 (16
1215 3159 1308 3225 argu-

157 3252 266 3314 mento
298 3247 381 3334 legis
412 3246 553 3313 Fanniae
585 3251 618 3312 et
650 3248 689 3311 de
721 3248 882 3312 erroribus
915 3245 1159 3312 scholiastarum
1191 3245 1308 3311 Lucilii

159 3355 353 3440 disputatur,
381 3357 418 3419 ut
445 3353 711 3421 iurisconsultum
739 3355 796 3438 qui
823 3357 932 3419 uetera
960 3355 1168 3418 monumenta
1195 3351 1309 3418 adierit

158 3483 317 3548 exponere
345 3466 509 3547 appareat,
536 3483 602 3528 non
626 3459 767 3527 Gellium
796 3460 1047 3546 compilatorem.
1092 3459 1206 3545 Itaque
1228 3460 1308 3525 haec

156 3571 224 3635 fere
250 3568 364 3635 Ateius
393 3569 576 3654 scripserat:
610 3567 685 3634 ‘Sed
717 3573 792 3655 post
823 3569 857 3634 id
889 3572 1017 3634 senatus
1045 3568 1227 3634 consultum
1254 3568 1308 3632 lex

157 3676 280 3743 Fannia
306 3676 372 3741 lata
399 3681 461 3761 est,
490 3699 571 3762 quae
598 3678 683 3742 ludis
711 3676 880 3761 Romanis,
907 3677 985 3742 item
1011 3675 1097 3742 ludis
1124 3675 1246 3760 plebeis
1276 3678 1309 3739 61

159 3783 382 3851 Saturnalibus
399 3787 431 3851 61
444 3783 517 3851 aliis
531 3784 724 3869 quibusdam
739 3783 850 3849 diebus
864 3783 899 3849 in
913 3783 1058 3870 singulos
1073 3782 1140 3848 dies
1156 3784 1307 3847 centenos

156 3893 239 3958 aeris
257 3892 377 3957 insumi
395 3891 554 3959 concessit
571 3892 744 3976 decemque
763 3890 834 3956 aliis
854 3890 967 3957 diebus
986 3892 1020 3955 in
1039 3890 1175 3978 singulis
1192 3889 1308 3954 mensi-

157 4000 217 4066 bus
237 4000 384 4083 tricenos,
403 4000 516 4065 ceteris
535 4004 643 4066 autem
663 3999 776 4064 diebus
795 3998 945 4065 omnibus
964 3998 1070 4063 denos.
1105 3994 1198 4062 Hanc
1214 3995 1308 4061 Luci-

157 4108 220 4174 lius
234 4111 330 4192 poeta
342 4105 448 4192 legem
464 4106 632 4193 significat,
647 4127 720 4172 cum
734 4105 813 4172 dicit
822 4104 950 4170 “Fanni
963 4103 1120 4170 centussis
1129 4100 1306 4167 misellus''.

156 4215 195 4280 lu
231 4237 295 4300 quo
333 4218 520 4280 errauerunt
566 4213 696 4299 quidam
737 4212 1039 4279 commentariorum
1076 4212 1111 4277 in
1145 4206 1307 4273 Lucilium

156 4322 336 4408 scriptores,
364 4322 451 4407 quod
480 4309 677 4407 putauerunt
703 4320 827 4387 Fannia
853 4320 925 4407 lege
952 4321 1125 4404 perpetuos
1154 4315 1190 4381 in
1212 4336 1307 4380 omne

157 4430 280 4501 dierum
313 4452 415 4518 genus
449 4433 599 4500 centenos
626 4430 708 4498 aeris
737 4432 884 4499 statutos.
937 4424 1073 4495 Centum
1106 4424 1192 4490 enim
1224 4424 1306 4490 aeris
