<?xml version="1.0" encoding="UTF-8"?>
<!DOCTYPE html PUBLIC "-//W3C//DTD XHTML 1.0 Transitional//EN"
    "http://www.w3.org/TR/xhtml1/DTD/xhtml1-transitional.dtd">
<html xmlns="http://www.w3.org/1999/xhtml" xml:lang="en" lang="en">
 <head>
  <title>
</title>
<meta http-equiv="Content-Type" content="text/html;charset=utf-8" />
  <meta name='ocr-system' content='tesseract 3.04.00' />
  <meta name='ocr-capabilities' content='ocr_page ocr_carea ocr_par ocr_line ocrx_word'/>
</head>
<body>
  <div class='ocr_page' id='page_1' title='image "./cluciliicarminu01lucigoog_0148.png"; bbox 0 0 3082 5018; ppageno 0'>
   <div class='ocr_carea' id='block_1_1' title="bbox 634 302 843 358">
    <p class='ocr_par' dir='ltr' id='par_1_1' title="bbox 634 302 843 358">
     <span class='ocr_line' id='line_1_1' title="bbox 634 302 843 358; baseline 0.005 -2"><span class='ocrx_word' id='word_1_1' title='bbox 634 303 660 356; x_wconf 92' lang='grc' dir='ltr'>Π</span> <span class='ocrx_word' id='word_1_2' title='bbox 678 302 766 358; x_wconf 78' lang='grc'><strong>6611.</strong></span> <span class='ocrx_word' id='word_1_3' title='bbox 784 309 843 357; x_wconf 84' lang='grc'><strong>119.</strong></span> 
     </span>
    </p>
   </div>
   <div class='ocr_carea' id='block_1_2' title="bbox 164 466 1021 639">
    <p class='ocr_par' dir='ltr' id='par_1_2' title="bbox 164 466 1021 639">
     <span class='ocr_line' id='line_1_2' title="bbox 164 466 1021 552; baseline 0.004 -22"><span class='ocrx_word' id='word_1_4' title='bbox 164 467 348 550; x_wconf 80' lang='lat' dir='ltr'>inpuralum</span> <span class='ocrx_word' id='word_1_5' title='bbox 371 467 458 533; x_wconf 92' lang='lat' dir='ltr'>hunc</span> <span class='ocrx_word' id='word_1_6' title='bbox 481 466 514 530; x_wconf 90' lang='lat' dir='ltr'>in</span> <span class='ocrx_word' id='word_1_7' title='bbox 537 467 644 531; x_wconf 85' lang='lat' dir='ltr'>fauces</span> <span class='ocrx_word' id='word_1_8' title='bbox 668 466 796 532; x_wconf 85' lang='lat' dir='ltr'>inuasso</span> <span class='ocrx_word' id='word_1_9' title='bbox 818 468 1021 552; x_wconf 83' lang='lat' dir='ltr'>animumque</span> 
     </span>
     <span class='ocr_line' id='line_1_3' title="bbox 164 572 353 639; baseline 0.005 -1"><span class='ocrx_word' id='word_1_10' title='bbox 164 573 285 639; x_wconf 78' lang='lat' dir='ltr'>elisisse</span> <span class='ocrx_word' id='word_1_11' title='bbox 304 572 353 639; x_wconf 83' lang='lat' dir='ltr'>illi</span> 
     </span>
    </p>
   </div>
   <div class='ocr_carea' id='block_1_3' title="bbox 164 751 1016 839">
    <p class='ocr_par' dir='ltr' id='par_1_3' title="bbox 164 751 1016 839">
     <span class='ocr_line' id='line_1_4' title="bbox 164 751 1016 839; baseline 0.004 -23"><span class='ocrx_word' id='word_1_12' title='bbox 164 809 180 816; x_wconf 82' lang='grc'>-</span> <span class='ocrx_word' id='word_1_13' title='bbox 194 788 212 816; x_wconf 74' lang='lat' dir='ltr'>o</span> <span class='ocrx_word' id='word_1_14' title='bbox 225 788 244 816; x_wconf 74' lang='grc' dir='ltr'>υ</span> <span class='ocrx_word' id='word_1_15' title='bbox 257 808 273 816; x_wconf 90' lang='grc'>-</span> <span class='ocrx_word' id='word_1_16' title='bbox 288 788 306 816; x_wconf 75' lang='lat' dir='ltr'>o</span> <span class='ocrx_word' id='word_1_17' title='bbox 319 788 337 816; x_wconf 75' lang='lat' dir='ltr'>o</span> <span class='ocrx_word' id='word_1_18' title='bbox 351 809 366 816; x_wconf 87' lang='lat'>-</span> <span class='ocrx_word' id='word_1_19' title='bbox 386 751 442 816; x_wconf 84' lang='lat' dir='ltr'>uix</span> <span class='ocrx_word' id='word_1_20' title='bbox 464 751 542 816; x_wconf 91' lang='lat' dir='ltr'>uiuo</span> <span class='ocrx_word' id='word_1_21' title='bbox 565 752 689 817; x_wconf 89' lang='lat' dir='ltr'>homini</span> <span class='ocrx_word' id='word_1_22' title='bbox 713 772 750 816; x_wconf 84' lang='grc'><strong>60</strong></span> <span class='ocrx_word' id='word_1_23' title='bbox 773 773 1016 839; x_wconf 78' lang='lat' dir='ltr'>monogrammo</span> 
     </span>
    </p>
   </div>
   <div class='ocr_carea' id='block_1_4' title="bbox 163 928 1363 1124">
    <p class='ocr_par' dir='ltr' id='par_1_4' title="bbox 163 928 1363 1124">
     <span class='ocr_line' id='line_1_5' title="bbox 163 928 1363 1017; baseline 0.004 -23"><span class='ocrx_word' id='word_1_24' title='bbox 163 951 258 1013; x_wconf 91' lang='lat' dir='ltr'>quom</span> <span class='ocrx_word' id='word_1_25' title='bbox 282 929 330 994; x_wconf 89' lang='lat' dir='ltr'>illi</span> <span class='ocrx_word' id='word_1_26' title='bbox 355 930 457 1014; x_wconf 84' lang='lat' dir='ltr'>[oum]</span> <span class='ocrx_word' id='word_1_27' title='bbox 481 930 647 1015; x_wconf 79' lang='lat' dir='ltr'>uidissent,</span> <span class='ocrx_word' id='word_1_28' title='bbox 669 928 861 996; x_wconf 81' lang='lat' dir='ltr'><strong>Hortensius</strong></span> <span class='ocrx_word' id='word_1_29' title='bbox 884 930 1135 1017; x_wconf 69' lang='lat' dir='ltr'>Postumiusque</span> <span class='ocrx_word' id='word_1_30' title='bbox 1329 949 1363 999; x_wconf 83' lang='lat'>60</span> 
     </span>
     <span class='ocr_line' id='line_1_6' title="bbox 163 1036 1191 1124; baseline 0.004 -23"><span class='ocrx_word' id='word_1_31' title='bbox 163 1036 259 1102; x_wconf 84' lang='lat' dir='ltr'>celeri</span> <span class='ocrx_word' id='word_1_32' title='bbox 283 1036 371 1123; x_wconf 81' lang='lat' dir='ltr'>ilem,</span> <span class='ocrx_word' id='word_1_33' title='bbox 394 1037 428 1101; x_wconf 91' lang='lat' dir='ltr'>in</span> <span class='ocrx_word' id='word_1_34' title='bbox 452 1037 567 1122; x_wconf 84' lang='lat' dir='ltr'>capulo</span> <span class='ocrx_word' id='word_1_35' title='bbox 590 1038 676 1103; x_wconf 86' lang='lat' dir='ltr'>huno</span> <span class='ocrx_word' id='word_1_36' title='bbox 698 1059 763 1102; x_wconf 92' lang='lat' dir='ltr'>non</span> <span class='ocrx_word' id='word_1_37' title='bbox 787 1060 856 1102; x_wconf 86' lang='lat' dir='ltr'>esse</span> <span class='ocrx_word' id='word_1_38' title='bbox 879 1037 1043 1123; x_wconf 80' lang='lat' dir='ltr'>aliumque</span> <span class='ocrx_word' id='word_1_39' title='bbox 1067 1039 1191 1124; x_wconf 79' lang='lat' dir='ltr'>cubare,</span> 
     </span>
    </p>
   </div>
   <div class='ocr_carea' id='block_1_5' title="bbox 162 1213 1309 1409">
    <p class='ocr_par' dir='ltr' id='par_1_5' title="bbox 162 1213 1309 1409">
     <span class='ocr_line' id='line_1_7' title="bbox 162 1213 1309 1302; baseline 0.004 -24"><span class='ocrx_word' id='word_1_40' title='bbox 162 1271 178 1278; x_wconf 84' lang='lat'>-</span> <span class='ocrx_word' id='word_1_41' title='bbox 192 1250 210 1278; x_wconf 75' lang='lat' dir='ltr'>o</span> <span class='ocrx_word' id='word_1_42' title='bbox 224 1252 242 1278; x_wconf 71' lang='lat' dir='ltr'>o</span> <span class='ocrx_word' id='word_1_43' title='bbox 256 1272 272 1279; x_wconf 92' lang='lat'>-</span> <span class='ocrx_word' id='word_1_44' title='bbox 287 1251 305 1278; x_wconf 74' lang='lat' dir='ltr'>o</span> <span class='ocrx_word' id='word_1_45' title='bbox 318 1252 336 1279; x_wconf 72' lang='lat' dir='ltr'>o</span> <span class='ocrx_word' id='word_1_46' title='bbox 350 1271 365 1279; x_wconf 90' lang='lat'>-</span> <span class='ocrx_word' id='word_1_47' title='bbox 391 1237 472 1299; x_wconf 82' lang='lat' dir='ltr'>quae</span> <span class='ocrx_word' id='word_1_48' title='bbox 496 1237 555 1302; x_wconf 82' lang='lat' dir='ltr'>ego</span> <span class='ocrx_word' id='word_1_49' title='bbox 579 1237 664 1280; x_wconf 90' lang='lat' dir='ltr'>nunc</span> <span class='ocrx_word' id='word_1_50' title='bbox 687 1216 799 1299; x_wconf 70' lang='lat' dir='ltr'>(huic)</span> <span class='ocrx_word' id='word_1_51' title='bbox 822 1213 962 1281; x_wconf 82' lang='lat' dir='ltr'>Aemilio</span> <span class='ocrx_word' id='word_1_52' title='bbox 986 1240 1062 1301; x_wconf 81' lang='lat' dir='ltr'>pree</span> <span class='ocrx_word' id='word_1_53' title='bbox 1244 1247 1309 1283; x_wconf 87' lang='lat' dir='ltr'>m—</span> 
     </span>
     <span class='ocr_line' id='line_1_8' title="bbox 162 1322 912 1409; baseline 0.003 -23"><span class='ocrx_word' id='word_1_54' title='bbox 162 1324 265 1404; x_wconf 81' lang='lat' dir='ltr'>oenio,</span> <span class='ocrx_word' id='word_1_55' title='bbox 289 1325 384 1406; x_wconf 79' lang='lat' dir='ltr'>elque</span> <span class='ocrx_word' id='word_1_56' title='bbox 407 1322 502 1409; x_wconf 82' lang='lat' dir='ltr'>exigo</span> <span class='ocrx_word' id='word_1_57' title='bbox 526 1325 559 1388; x_wconf 89' lang='lat' dir='ltr'>cl</span> <span class='ocrx_word' id='word_1_58' title='bbox 582 1325 715 1387; x_wconf 83' lang='lat' dir='ltr'>cxoonio</span> <span class='ocrx_word' id='word_1_59' title='bbox 738 1379 755 1386; x_wconf 83' lang='lat'>-</span> <span class='ocrx_word' id='word_1_60' title='bbox 770 1381 785 1388; x_wconf 88' lang='lat'>-</span> <span class='ocrx_word' id='word_1_61' title='bbox 801 1360 818 1387; x_wconf 75' lang='lat' dir='ltr'>o</span> <span class='ocrx_word' id='word_1_62' title='bbox 832 1361 850 1387; x_wconf 73' lang='lat' dir='ltr'>o</span> <span class='ocrx_word' id='word_1_63' title='bbox 863 1381 879 1388; x_wconf 89' lang='lat'>-</span> <span class='ocrx_word' id='word_1_64' title='bbox 894 1361 912 1388; x_wconf 74' lang='lat' dir='ltr'>o</span> 
     </span>
    </p>
   </div>
   <div class='ocr_carea' id='block_1_6' title="bbox 159 1499 1094 1943">
    <p class='ocr_par' dir='ltr' id='par_1_6' title="bbox 159 1499 1094 1943">
     <span class='ocr_line' id='line_1_9' title="bbox 160 1499 935 1587; baseline 0.004 -23"><span class='ocrx_word' id='word_1_65' title='bbox 160 1504 229 1564; x_wconf 84' lang='lat' dir='ltr'>lum</span> <span class='ocrx_word' id='word_1_66' title='bbox 248 1499 335 1565; x_wconf 79' lang='lat' dir='ltr'>isoio</span> <span class='ocrx_word' id='word_1_67' title='bbox 359 1503 476 1587; x_wconf 81' lang='lat' dir='ltr'>omnia,</span> <span class='ocrx_word' id='word_1_68' title='bbox 500 1523 569 1566; x_wconf 84' lang='lat' dir='ltr'>sum</span> <span class='ocrx_word' id='word_1_69' title='bbox 594 1500 800 1567; x_wconf 73' lang='lat' dir='ltr'>circumlatus</span> <span class='ocrx_word' id='word_1_70' title='bbox 823 1539 841 1566; x_wconf 72' lang='lat' dir='ltr'>o</span> <span class='ocrx_word' id='word_1_71' title='bbox 854 1539 872 1566; x_wconf 73' lang='lat' dir='ltr'>o</span> <span class='ocrx_word' id='word_1_72' title='bbox 886 1559 902 1567; x_wconf 85' lang='lat'>-</span> <span class='ocrx_word' id='word_1_73' title='bbox 917 1540 935 1567; x_wconf 75' lang='lat' dir='ltr'>o</span> 
     </span>
     <span class='ocr_line' id='line_1_10' title="bbox 161 1679 785 1764; baseline 0.002 -22"><span class='ocrx_word' id='word_1_74' title='bbox 161 1735 176 1743; x_wconf 90' lang='lat'>-</span> <span class='ocrx_word' id='word_1_75' title='bbox 192 1716 209 1742; x_wconf 80' lang='grc' dir='ltr'><strong>υ</strong></span> <span class='ocrx_word' id='word_1_76' title='bbox 223 1716 240 1743; x_wconf 79' lang='grc' dir='ltr'>υ</span> <span class='ocrx_word' id='word_1_77' title='bbox 255 1736 271 1744; x_wconf 87' lang='grc'>-</span> <span class='ocrx_word' id='word_1_78' title='bbox 285 1716 304 1743; x_wconf 80' lang='grc' dir='ltr'><strong>υ</strong></span> <span class='ocrx_word' id='word_1_79' title='bbox 317 1717 335 1743; x_wconf 83' lang='grc' dir='ltr'><strong>υ</strong></span> <span class='ocrx_word' id='word_1_80' title='bbox 349 1737 364 1744; x_wconf 87' lang='grc'><strong>-</strong></span> <span class='ocrx_word' id='word_1_81' title='bbox 379 1717 397 1744; x_wconf 80' lang='grc' dir='ltr'><strong>υ</strong></span> <span class='ocrx_word' id='word_1_82' title='bbox 410 1717 429 1744; x_wconf 82' lang='grc' dir='ltr'>υ</span> <span class='ocrx_word' id='word_1_83' title='bbox 442 1737 458 1744; x_wconf 87' lang='grc'>-</span> <span class='ocrx_word' id='word_1_84' title='bbox 481 1682 645 1764; x_wconf 60' lang='lat' dir='ltr'>infimius,</span> <span class='ocrx_word' id='word_1_85' title='bbox 668 1679 785 1764; x_wconf 66' lang='lat' dir='ltr'>piatus,</span> 
     </span>
     <span class='ocr_line' id='line_1_11' title="bbox 159 1851 1094 1943; baseline 0.002 -22"><span class='ocrx_word' id='word_1_86' title='bbox 159 1913 175 1921; x_wconf 84' lang='grc'>-</span> <span class='ocrx_word' id='word_1_87' title='bbox 190 1894 207 1921; x_wconf 77' lang='lat' dir='ltr'>o</span> <span class='ocrx_word' id='word_1_88' title='bbox 230 1857 328 1922; x_wconf 92' lang='lat' dir='ltr'>homo</span> <span class='ocrx_word' id='word_1_89' title='bbox 352 1851 534 1942; x_wconf 70' lang='lat' dir='ltr'>inpuratus:</span> <span class='ocrx_word' id='word_1_90' title='bbox 561 1862 593 1924; x_wconf 85' lang='lat' dir='ltr'>el</span> <span class='ocrx_word' id='word_1_91' title='bbox 616 1859 737 1943; x_wconf 90' lang='lat' dir='ltr'>inpuno</span> <span class='ocrx_word' id='word_1_92' title='bbox 762 1861 811 1924; x_wconf 81' lang='lat' dir='ltr'>esl</span> <span class='ocrx_word' id='word_1_93' title='bbox 833 1858 913 1942; x_wconf 86' lang='lat' dir='ltr'>&lt;ue&gt;</span> <span class='ocrx_word' id='word_1_94' title='bbox 935 1859 1094 1942; x_wconf 78' lang='lat' dir='ltr'>rapisler‘?</span> 
     </span>
    </p>
   </div>
   <div class='ocr_carea' id='block_1_7' title="bbox 159 2035 925 2229">
    <p class='ocr_par' dir='ltr' id='par_1_7' title="bbox 159 2035 925 2229">
     <span class='ocr_line' id='line_1_12' title="bbox 159 2035 875 2120; baseline -0.001 -21"><span class='ocrx_word' id='word_1_95' title='bbox 159 2091 175 2099; x_wconf 84' lang='grc'>-</span> <span class='ocrx_word' id='word_1_96' title='bbox 189 2072 208 2099; x_wconf 72' lang='lat' dir='ltr'>o</span> <span class='ocrx_word' id='word_1_97' title='bbox 221 2071 239 2099; x_wconf 76' lang='lat' dir='ltr'>o</span> <span class='ocrx_word' id='word_1_98' title='bbox 252 2092 267 2099; x_wconf 89' lang='lat'>-</span> <span class='ocrx_word' id='word_1_99' title='bbox 283 2073 301 2099; x_wconf 72' lang='lat' dir='ltr'>o</span> <span class='ocrx_word' id='word_1_100' title='bbox 314 2074 332 2099; x_wconf 73' lang='lat' dir='ltr'>o</span> <span class='ocrx_word' id='word_1_101' title='bbox 346 2093 361 2100; x_wconf 87' lang='lat'>-</span> <span class='ocrx_word' id='word_1_102' title='bbox 387 2058 467 2120; x_wconf 82' lang='lat' dir='ltr'>quae</span> <span class='ocrx_word' id='word_1_103' title='bbox 490 2035 579 2101; x_wconf 84' lang='lat' dir='ltr'>horis</span> <span class='ocrx_word' id='word_1_104' title='bbox 603 2036 729 2101; x_wconf 77' lang='lat' dir='ltr'>subluis</span> <span class='ocrx_word' id='word_1_105' title='bbox 753 2036 875 2100; x_wconf 81' lang='lat' dir='ltr'>duobus</span> 
     </span>
     <span class='ocr_line' id='line_1_13' title="bbox 159 2142 925 2229; baseline 0 -23"><span class='ocrx_word' id='word_1_106' title='bbox 159 2142 267 2207; x_wconf 85' lang='lat' dir='ltr'>omnia</span> <span class='ocrx_word' id='word_1_107' title='bbox 291 2147 366 2207; x_wconf 78' lang='lat' dir='ltr'>sunl</span> <span class='ocrx_word' id='word_1_108' title='bbox 389 2143 456 2208; x_wconf 89' lang='lat' dir='ltr'>sole</span> <span class='ocrx_word' id='word_1_109' title='bbox 480 2164 592 2209; x_wconf 87' lang='lat' dir='ltr'>occaso</span> <span class='ocrx_word' id='word_1_110' title='bbox 616 2144 639 2229; x_wconf 65' lang='lat' dir='ltr'>i</span> <span class='ocrx_word' id='word_1_111' title='bbox 662 2144 822 2228; x_wconf 80' lang='lat' dir='ltr'>ductoque</span> <span class='ocrx_word' id='word_1_112' title='bbox 845 2180 863 2206; x_wconf 73' lang='lat' dir='ltr'>o</span> <span class='ocrx_word' id='word_1_113' title='bbox 877 2199 892 2206; x_wconf 90' lang='lat'>-</span> <span class='ocrx_word' id='word_1_114' title='bbox 907 2178 925 2206; x_wconf 74' lang='lat' dir='ltr'>o</span> 
     </span>
    </p>
   </div>
   <div class='ocr_carea' id='block_1_8' title="bbox 157 2321 1359 2522">
    <p class='ocr_par' dir='ltr' id='par_1_8' title="bbox 157 2321 1359 2522">
     <span class='ocr_line' id='line_1_14' title="bbox 157 2321 1306 2408; baseline 0 -22"><span class='ocrx_word' id='word_1_115' title='bbox 157 2342 246 2386; x_wconf 88' lang='lat' dir='ltr'>nuno</span> <span class='ocrx_word' id='word_1_116' title='bbox 267 2322 344 2405; x_wconf 78' lang='lat' dir='ltr'>(iu)</span> <span class='ocrx_word' id='word_1_117' title='bbox 368 2323 582 2406; x_wconf 73' lang='lat' dir='ltr'>numenium,</span> <span class='ocrx_word' id='word_1_118' title='bbox 607 2344 688 2406; x_wconf 81' lang='lat' dir='ltr'>quae</span> <span class='ocrx_word' id='word_1_119' title='bbox 711 2344 751 2385; x_wconf 85' lang='lat' dir='ltr'>ex</span> <span class='ocrx_word' id='word_1_120' title='bbox 773 2321 909 2386; x_wconf 79' lang='lat' dir='ltr'>testibus</span> <span class='ocrx_word' id='word_1_121' title='bbox 933 2321 1002 2407; x_wconf 85' lang='lat' dir='ltr'>ipsc</span> <span class='ocrx_word' id='word_1_122' title='bbox 1025 2323 1168 2408; x_wconf 81' lang='lat' dir='ltr'>rogando</span> <span class='ocrx_word' id='word_1_123' title='bbox 1253 2352 1306 2386; x_wconf 88' lang='lat' dir='ltr'>—n</span> 
     </span>
     <span class='ocr_line' id='line_1_15' title="bbox 158 2428 1359 2522; baseline 0 -28"><span class='ocrx_word' id='word_1_124' title='bbox 158 2428 303 2513; x_wconf 84' lang='lat' dir='ltr'>exculpo,</span> <span class='ocrx_word' id='word_1_125' title='bbox 326 2428 405 2494; x_wconf 81' lang='lat' dir='ltr'>huso</span> <span class='ocrx_word' id='word_1_126' title='bbox 428 2429 531 2493; x_wconf 84' lang='lat' dir='ltr'>dicam</span> <span class='ocrx_word' id='word_1_127' title='bbox 1197 2517 1199 2522; x_wconf 21' lang='grc' dir='ltr'>Ι</span> <span class='ocrx_word' id='word_1_128' title='bbox 1326 2447 1359 2494; x_wconf 77' lang='lat' dir='ltr'>uo</span> 
     </span>
    </p>
   </div>
   <div class='ocr_carea' id='block_1_9' title="bbox 157 2607 1106 3052">
    <p class='ocr_par' dir='ltr' id='par_1_9' title="bbox 157 2607 1106 3052">
     <span class='ocr_line' id='line_1_16' title="bbox 158 2607 879 2695; baseline -0.001 -23"><span class='ocrx_word' id='word_1_129' title='bbox 158 2608 339 2692; x_wconf 79' lang='lat' dir='ltr'>chirodyioe</span> <span class='ocrx_word' id='word_1_130' title='bbox 362 2607 474 2695; x_wconf 78' lang='lat' dir='ltr'>auruli,</span> <span class='ocrx_word' id='word_1_131' title='bbox 496 2607 588 2690; x_wconf 79' lang='lat' dir='ltr'>ricae,</span> <span class='ocrx_word' id='word_1_132' title='bbox 611 2607 741 2690; x_wconf 78' lang='grc'><strong>1016016,</strong></span> <span class='ocrx_word' id='word_1_133' title='bbox 764 2607 879 2672; x_wconf 76' lang='lat' dir='ltr'>mitrae</span> 
     </span>
     <span class='ocr_line' id='line_1_17' title="bbox 157 2785 1106 2870; baseline -0.001 -21"><span class='ocrx_word' id='word_1_134' title='bbox 157 2787 184 2849; x_wconf 88' lang='lat' dir='ltr'>si</span> <span class='ocrx_word' id='word_1_135' title='bbox 207 2785 337 2851; x_wconf 82' lang='lat' dir='ltr'>nulibus</span> <span class='ocrx_word' id='word_1_136' title='bbox 360 2786 514 2852; x_wconf 73' lang='lat' dir='ltr'>nutricem</span> <span class='ocrx_word' id='word_1_137' title='bbox 538 2785 691 2870; x_wconf 72' lang='lat' dir='ltr'><strong>inpressit</strong></span> <span class='ocrx_word' id='word_1_138' title='bbox 715 2806 853 2850; x_wconf 81' lang='lat' dir='ltr'>orassem</span> <span class='ocrx_word' id='word_1_139' title='bbox 877 2789 909 2849; x_wconf 79' lang='lat' dir='ltr'>el</span> <span class='ocrx_word' id='word_1_140' title='bbox 932 2786 1106 2870; x_wconf 77' lang='lat' dir='ltr'>capitulum</span> 
     </span>
     <span class='ocr_line' id='line_1_18' title="bbox 157 2963 886 3052; baseline 0 -24"><span class='ocrx_word' id='word_1_141' title='bbox 157 3021 173 3028; x_wconf 87' lang='lat'>-</span> <span class='ocrx_word' id='word_1_142' title='bbox 188 3001 206 3029; x_wconf 78' lang='lat' dir='ltr'>o</span> <span class='ocrx_word' id='word_1_143' title='bbox 218 3002 237 3029; x_wconf 76' lang='lat' dir='ltr'>o</span> <span class='ocrx_word' id='word_1_144' title='bbox 251 3023 266 3030; x_wconf 85' lang='lat'>-</span> <span class='ocrx_word' id='word_1_145' title='bbox 280 3002 298 3029; x_wconf 77' lang='lat' dir='ltr'>o</span> <span class='ocrx_word' id='word_1_146' title='bbox 311 3002 329 3029; x_wconf 75' lang='lat' dir='ltr'>o</span> <span class='ocrx_word' id='word_1_147' title='bbox 353 2965 386 3029; x_wconf 90' lang='lat' dir='ltr'>in</span> <span class='ocrx_word' id='word_1_148' title='bbox 409 2964 536 3052; x_wconf 80' lang='lat' dir='ltr'>bulgum</span> <span class='ocrx_word' id='word_1_149' title='bbox 559 2967 725 3050; x_wconf 76' lang='lat' dir='ltr'>penetrare</span> <span class='ocrx_word' id='word_1_150' title='bbox 749 2963 886 3048; x_wconf 84' lang='lat' dir='ltr'>pilosum</span> 
     </span>
    </p>
   </div>
   <div class='ocr_carea' id='block_1_10' title="bbox 157 3143 915 3229">
    <p class='ocr_par' dir='ltr' id='par_1_10' title="bbox 157 3143 915 3229">
     <span class='ocr_line' id='line_1_19' title="bbox 157 3143 915 3229; baseline -0.003 -21"><span class='ocrx_word' id='word_1_151' title='bbox 157 3200 173 3207; x_wconf 89' lang='lat'>-</span> <span class='ocrx_word' id='word_1_152' title='bbox 187 3178 205 3208; x_wconf 77' lang='grc'><strong>0</strong></span> <span class='ocrx_word' id='word_1_153' title='bbox 218 3180 236 3209; x_wconf 75' lang='lat' dir='ltr'>o</span> <span class='ocrx_word' id='word_1_154' title='bbox 250 3201 266 3208; x_wconf 88' lang='lat'>-</span> <span class='ocrx_word' id='word_1_155' title='bbox 280 3181 298 3208; x_wconf 74' lang='lat' dir='ltr'>o</span> <span class='ocrx_word' id='word_1_156' title='bbox 312 3181 329 3208; x_wconf 76' lang='lat' dir='ltr'>o</span> <span class='ocrx_word' id='word_1_157' title='bbox 344 3200 359 3209; x_wconf 85' lang='lat'>.</span> <span class='ocrx_word' id='word_1_158' title='bbox 383 3144 532 3229; x_wconf 89' lang='lat' dir='ltr'>pedioum</span> <span class='ocrx_word' id='word_1_159' title='bbox 557 3144 620 3208; x_wconf 84' lang='lat' dir='ltr'>ium</span> <span class='ocrx_word' id='word_1_160' title='bbox 645 3143 797 3227; x_wconf 77' lang='lat' dir='ltr'>excoquit</span> <span class='ocrx_word' id='word_1_161' title='bbox 821 3165 915 3207; x_wconf 86' lang='lat' dir='ltr'>omne</span> 
     </span>
    </p>
   </div>
   <div class='ocr_carea' id='block_1_11' title="bbox 54 3321 1356 3407">
    <p class='ocr_par' dir='ltr' id='par_1_11' title="bbox 54 3321 1356 3407">
     <span class='ocr_line' id='line_1_20' title="bbox 54 3321 1356 3407; baseline 0 -21"><span class='ocrx_word' id='word_1_162' title='bbox 54 3368 58 3379; x_wconf 85' lang='lat'><em>.</em></span> <span class='ocrx_word' id='word_1_163' title='bbox 156 3321 259 3388; x_wconf 81' lang='lat' dir='ltr'>uiuite</span> <span class='ocrx_word' id='word_1_164' title='bbox 281 3321 438 3406; x_wconf 77' lang='lat' dir='ltr'>lurcones,</span> <span class='ocrx_word' id='word_1_165' title='bbox 461 3321 659 3407; x_wconf 85' lang='lat' dir='ltr'>comodones‚</span> <span class='ocrx_word' id='word_1_166' title='bbox 683 3321 784 3387; x_wconf 84' lang='lat' dir='ltr'>uiuiie</span> <span class='ocrx_word' id='word_1_167' title='bbox 807 3322 936 3385; x_wconf 78' lang='lat' dir='ltr'>uentris.</span> <span class='ocrx_word' id='word_1_168' title='bbox 1250 3348 1303 3385; x_wconf 84' lang='grc'>0-</span> <span class='ocrx_word' id='word_1_169' title='bbox 1324 3337 1356 3386; x_wconf 81' lang='lat'>75</span> 
     </span>
    </p>
   </div>
   <div class='ocr_carea' id='block_1_12' title="bbox 155 3557 1411 4512">
    <p class='ocr_par' dir='ltr' id='par_1_12' title="bbox 155 3557 1411 4512">
     <span class='ocr_line' id='line_1_21' title="bbox 228 3557 1302 3631; baseline -0.003 -16"><span class='ocrx_word' id='word_1_170' title='bbox 228 3561 264 3615; x_wconf 77' lang='grc'><strong>67</strong></span> <span class='ocrx_word' id='word_1_171' title='bbox 284 3560 354 3615; x_wconf 88' lang='lat' dir='ltr'>Non.</span> <span class='ocrx_word' id='word_1_172' title='bbox 369 3579 397 3631; x_wconf 89' lang='lat' dir='ltr'>p.</span> <span class='ocrx_word' id='word_1_173' title='bbox 413 3567 474 3628; x_wconf 87' lang='grc'><strong>231,</strong></span> <span class='ocrx_word' id='word_1_174' title='bbox 489 3567 523 3616; x_wconf 90' lang='grc'>30</span> <span class='ocrx_word' id='word_1_175' title='bbox 586 3560 749 3630; x_wconf 80' lang='lat' dir='ltr'>inpursium</span> <span class='ocrx_word' id='word_1_176' title='bbox 771 3559 912 3631; x_wconf 80' lang='lat' dir='ltr'>Muretus]</span> <span class='ocrx_word' id='word_1_177' title='bbox 935 3557 1101 3615; x_wconf 75' lang='lat' dir='ltr'>iniuriuium</span> <span class='ocrx_word' id='word_1_178' title='bbox 1173 3557 1212 3614; x_wconf 78' lang='grc'><strong>66</strong></span> <span class='ocrx_word' id='word_1_179' title='bbox 1231 3557 1302 3613; x_wconf 87' lang='lat' dir='ltr'>Non.</span> 
     </span>
     <span class='ocr_line' id='line_1_22' title="bbox 156 3639 1303 3712; baseline 0 -17"><span class='ocrx_word' id='word_1_180' title='bbox 156 3658 182 3710; x_wconf 92' lang='lat' dir='ltr'>p.</span> <span class='ocrx_word' id='word_1_181' title='bbox 199 3646 240 3705; x_wconf 85' lang='grc'>37,</span> <span class='ocrx_word' id='word_1_182' title='bbox 258 3646 291 3694; x_wconf 87' lang='grc'>14</span> <span class='ocrx_word' id='word_1_183' title='bbox 371 3657 553 3712; x_wconf 80' lang='grc' dir='ltr'><strong>111011ος16100</strong></span> <span class='ocrx_word' id='word_1_184' title='bbox 572 3642 600 3696; x_wconf 78' lang='lat' dir='ltr'><strong><em>L</em></strong></span> <span class='ocrx_word' id='word_1_185' title='bbox 681 3639 718 3694; x_wconf 89' lang='grc'>66</span> <span class='ocrx_word' id='word_1_186' title='bbox 742 3639 813 3694; x_wconf 88' lang='lat' dir='ltr'>Non.</span> <span class='ocrx_word' id='word_1_187' title='bbox 832 3656 859 3708; x_wconf 93' lang='lat' dir='ltr'>p.</span> <span class='ocrx_word' id='word_1_188' title='bbox 875 3644 901 3706; x_wconf 83' lang='lat'>4,</span> <span class='ocrx_word' id='word_1_189' title='bbox 916 3644 947 3692; x_wconf 94' lang='grc'>21</span> <span class='ocrx_word' id='word_1_190' title='bbox 1031 3656 1116 3707; x_wconf 90' lang='lat' dir='ltr'>quom</span> <span class='ocrx_word' id='word_1_191' title='bbox 1139 3639 1303 3712; x_wconf 75' lang='lat' dir='ltr'>Muellerus]</span> 
     </span>
     <span class='ocr_line' id='line_1_23' title="bbox 157 3718 1303 3794; baseline -0.001 -20"><span class='ocrx_word' id='word_1_192' title='bbox 157 3737 240 3790; x_wconf 89' lang='lat' dir='ltr'>quem</span> <span class='ocrx_word' id='word_1_193' title='bbox 303 3720 347 3774; x_wconf 93' lang='lat' dir='ltr'>illi</span> <span class='ocrx_word' id='word_1_194' title='bbox 366 3723 440 3794; x_wconf 86' lang='lat' dir='ltr'>eum]</span> <span class='ocrx_word' id='word_1_195' title='bbox 458 3721 518 3776; x_wconf 87' lang='lat' dir='ltr'>illic</span> <span class='ocrx_word' id='word_1_196' title='bbox 536 3722 608 3776; x_wconf 74' lang='lat' dir='ltr'>ulem</span> <span class='ocrx_word' id='word_1_197' title='bbox 629 3737 693 3774; x_wconf 88' lang='lat' dir='ltr'>oum</span> <span class='ocrx_word' id='word_1_198' title='bbox 716 3720 759 3774; x_wconf 84' lang='lat' dir='ltr'>del</span> <span class='ocrx_word' id='word_1_199' title='bbox 776 3719 963 3774; x_wconf 75' lang='lat' dir='ltr'>Buelsreueius</span> <span class='ocrx_word' id='word_1_200' title='bbox 1026 3718 1063 3772; x_wconf 87' lang='grc'>62</span> <span class='ocrx_word' id='word_1_201' title='bbox 1082 3718 1154 3773; x_wconf 89' lang='lat' dir='ltr'>Non.</span> <span class='ocrx_word' id='word_1_202' title='bbox 1168 3738 1195 3790; x_wconf 87' lang='lat' dir='ltr'>p.</span> <span class='ocrx_word' id='word_1_203' title='bbox 1212 3725 1271 3787; x_wconf 90' lang='grc'><strong>102,</strong></span> <span class='ocrx_word' id='word_1_204' title='bbox 1288 3725 1303 3773; x_wconf 84' lang='lat' dir='ltr'>&#39;l</span> 
     </span>
     <span class='ocr_line' id='line_1_24' title="bbox 157 3797 1304 3874; baseline -0.001 -20"><span class='ocrx_word' id='word_1_205' title='bbox 157 3799 266 3874; x_wconf 80' lang='lat' dir='ltr'>(huie)</span> <span class='ocrx_word' id='word_1_206' title='bbox 285 3801 385 3855; x_wconf 81' lang='lat' dir='ltr'>addidi</span> <span class='ocrx_word' id='word_1_207' title='bbox 449 3799 488 3855; x_wconf 83' lang='grc'><strong>64</strong></span> <span class='ocrx_word' id='word_1_208' title='bbox 507 3801 578 3855; x_wconf 91' lang='lat' dir='ltr'>Non.</span> <span class='ocrx_word' id='word_1_209' title='bbox 593 3819 620 3870; x_wconf 88' lang='lat' dir='ltr'>p.</span> <span class='ocrx_word' id='word_1_210' title='bbox 636 3806 697 3867; x_wconf 87' lang='grc'><strong>261,</strong></span> <span class='ocrx_word' id='word_1_211' title='bbox 708 3805 741 3852; x_wconf 88' lang='grc'>26</span> <span class='ocrx_word' id='word_1_212' title='bbox 805 3797 882 3853; x_wconf 77' lang='lat' dir='ltr'>fucis</span> <span class='ocrx_word' id='word_1_213' title='bbox 900 3800 1083 3872; x_wconf 80' lang='lat' dir='ltr'>I.Becl·erus]</span> <span class='ocrx_word' id='word_1_214' title='bbox 1102 3799 1179 3855; x_wconf 78' lang='lat' dir='ltr'>facio</span> <span class='ocrx_word' id='word_1_215' title='bbox 1238 3802 1304 3854; x_wconf 79' lang='lat' dir='ltr'>sunl</span> 
     </span>
     <span class='ocr_line' id='line_1_25' title="bbox 156 3879 1303 3950; baseline -0.003 -14"><span class='ocrx_word' id='word_1_216' title='bbox 156 3880 194 3936; x_wconf 81' lang='grc'>66</span> <span class='ocrx_word' id='word_1_217' title='bbox 213 3880 284 3934; x_wconf 87' lang='lat' dir='ltr'>Non.</span> <span class='ocrx_word' id='word_1_218' title='bbox 300 3899 326 3950; x_wconf 92' lang='lat' dir='ltr'>p.</span> <span class='ocrx_word' id='word_1_219' title='bbox 343 3885 403 3950; x_wconf 81' lang='grc'>336,</span> <span class='ocrx_word' id='word_1_220' title='bbox 415 3886 449 3934; x_wconf 85' lang='grc'>14</span> <span class='ocrx_word' id='word_1_221' title='bbox 512 3880 551 3935; x_wconf 89' lang='grc'>66</span> <span class='ocrx_word' id='word_1_222' title='bbox 570 3880 641 3935; x_wconf 90' lang='lat' dir='ltr'>Non.</span> <span class='ocrx_word' id='word_1_223' title='bbox 657 3898 683 3949; x_wconf 92' lang='lat' dir='ltr'>p.</span> <span class='ocrx_word' id='word_1_224' title='bbox 701 3885 759 3946; x_wconf 87' lang='grc'><strong>129,</strong></span> <span class='ocrx_word' id='word_1_225' title='bbox 771 3885 804 3933; x_wconf 89' lang='grc'>23</span> <span class='ocrx_word' id='word_1_226' title='bbox 823 3898 849 3949; x_wconf 91' lang='lat' dir='ltr'>p.</span> <span class='ocrx_word' id='word_1_227' title='bbox 867 3884 926 3947; x_wconf 86' lang='grc'><strong>167,</strong></span> <span class='ocrx_word' id='word_1_228' title='bbox 936 3885 971 3933; x_wconf 88' lang='grc'>20</span> <span class='ocrx_word' id='word_1_229' title='bbox 1043 3879 1193 3949; x_wconf 82' lang='lat' dir='ltr'>inpudicus</span> <span class='ocrx_word' id='word_1_230' title='bbox 1214 3881 1243 3934; x_wconf 79' lang='lat' dir='ltr'>el</span> <span class='ocrx_word' id='word_1_231' title='bbox 1260 3879 1303 3933; x_wconf 93' lang='lat' dir='ltr'>in·</span> 
     </span>
     <span class='ocr_line' id='line_1_26' title="bbox 155 3958 1303 4032; baseline -0.001 -18"><span class='ocrx_word' id='word_1_232' title='bbox 155 3977 231 4030; x_wconf 87' lang='lat' dir='ltr'>pune</span> <span class='ocrx_word' id='word_1_233' title='bbox 250 3962 293 4015; x_wconf 83' lang='lat' dir='ltr'>esi</span> <span class='ocrx_word' id='word_1_234' title='bbox 310 3959 455 4030; x_wconf 81' lang='lat' dir='ltr'>rspinsior</span> <span class='ocrx_word' id='word_1_235' title='bbox 475 3966 525 4015; x_wconf 82' lang='grc'>167</span> <span class='ocrx_word' id='word_1_236' title='bbox 590 3960 679 4032; x_wconf 77' lang='grc'><strong>00600]</strong></span> <span class='ocrx_word' id='word_1_237' title='bbox 699 3962 741 4014; x_wconf 77' lang='lat' dir='ltr'>osi</span> <span class='ocrx_word' id='word_1_238' title='bbox 759 3967 872 4029; x_wconf 76' lang='lat' dir='ltr'>utroque</span> <span class='ocrx_word' id='word_1_239' title='bbox 891 3961 947 4016; x_wconf 85' lang='lat' dir='ltr'>loco</span> <span class='ocrx_word' id='word_1_240' title='bbox 1010 3959 1047 4014; x_wconf 91' lang='grc'><strong>67</strong></span> <span class='ocrx_word' id='word_1_241' title='bbox 1067 3959 1202 4015; x_wconf 79' lang='lat' dir='ltr'>Priscian.</span> <span class='ocrx_word' id='word_1_242' title='bbox 1218 3958 1263 4014; x_wconf 84' lang='lat' dir='ltr'>GL</span> <span class='ocrx_word' id='word_1_243' title='bbox 1277 3959 1303 4013; x_wconf 87' lang='lat'>11</span> 
     </span>
     <span class='ocr_line' id='line_1_27' title="bbox 156 4038 1304 4111; baseline -0.003 -15"><span class='ocrx_word' id='word_1_244' title='bbox 156 4060 183 4111; x_wconf 88' lang='lat' dir='ltr'>p.</span> <span class='ocrx_word' id='word_1_245' title='bbox 198 4040 339 4108; x_wconf 81' lang='grc' dir='ltr'><strong>484,12Κ</strong></span> <span class='ocrx_word' id='word_1_246' title='bbox 411 4040 448 4095; x_wconf 89' lang='grc'>68</span> <span class='ocrx_word' id='word_1_247' title='bbox 468 4040 646 4109; x_wconf 86' lang='lat' dir='ltr'>obdueloquo</span> <span class='ocrx_word' id='word_1_248' title='bbox 671 4039 794 4095; x_wconf 77' lang='lat' dir='ltr'>tenebris</span> <span class='ocrx_word' id='word_1_249' title='bbox 813 4042 837 4094; x_wconf 93' lang='lat'>1.</span> <span class='ocrx_word' id='word_1_250' title='bbox 848 4039 948 4095; x_wconf 84' lang='lat' dir='ltr'>Douso</span> <span class='ocrx_word' id='word_1_251' title='bbox 971 4038 1148 4108; x_wconf 79' lang='lat' dir='ltr'>obduoloquc</span> <span class='ocrx_word' id='word_1_252' title='bbox 1171 4041 1304 4109; x_wconf 82' lang='lat' dir='ltr'>temptaui</span> 
     </span>
     <span class='ocr_line' id='line_1_28' title="bbox 156 4119 1303 4191; baseline -0.003 -15"><span class='ocrx_word' id='word_1_253' title='bbox 156 4121 195 4176; x_wconf 83' lang='grc'>66</span> <span class='ocrx_word' id='word_1_254' title='bbox 213 4121 284 4174; x_wconf 86' lang='lat' dir='ltr'>Non.</span> <span class='ocrx_word' id='word_1_255' title='bbox 304 4138 331 4190; x_wconf 91' lang='lat' dir='ltr'>p.</span> <span class='ocrx_word' id='word_1_256' title='bbox 352 4126 413 4188; x_wconf 89' lang='grc'><strong>102,</strong></span> <span class='ocrx_word' id='word_1_257' title='bbox 427 4127 461 4175; x_wconf 88' lang='grc'>20</span> <span class='ocrx_word' id='word_1_258' title='bbox 540 4138 613 4176; x_wconf 87' lang='lat' dir='ltr'>nune</span> <span class='ocrx_word' id='word_1_259' title='bbox 640 4120 812 4176; x_wconf 73' lang='lat' dir='ltr'>Nomentani</span> <span class='ocrx_word' id='word_1_260' title='bbox 839 4136 912 4190; x_wconf 84' lang='lat' dir='ltr'>quse</span> <span class='ocrx_word' id='word_1_261' title='bbox 940 4119 1073 4191; x_wconf 78' lang='lat' dir='ltr'>Souliper]</span> <span class='ocrx_word' id='word_1_262' title='bbox 1100 4135 1175 4173; x_wconf 89' lang='lat' dir='ltr'>nunc</span> <span class='ocrx_word' id='word_1_263' title='bbox 1201 4135 1303 4173; x_wconf 86' lang='lat' dir='ltr'>nomen</span> 
     </span>
     <span class='ocr_line' id='line_1_29' title="bbox 156 4198 1304 4272; baseline -0.001 -17"><span class='ocrx_word' id='word_1_264' title='bbox 156 4201 269 4271; x_wconf 78' lang='lat' dir='ltr'>iamque</span> <span class='ocrx_word' id='word_1_265' title='bbox 287 4200 364 4266; x_wconf 80' lang='lat' dir='ltr'>could,</span> <span class='ocrx_word' id='word_1_266' title='bbox 384 4198 458 4272; x_wconf 77' lang='lat' dir='ltr'>(iu)</span> <span class='ocrx_word' id='word_1_267' title='bbox 474 4200 574 4256; x_wconf 73' lang='lat' dir='ltr'>audiui</span> <span class='ocrx_word' id='word_1_268' title='bbox 647 4200 682 4255; x_wconf 91' lang='grc'>71</span> <span class='ocrx_word' id='word_1_269' title='bbox 701 4201 773 4256; x_wconf 88' lang='lat' dir='ltr'>Non.</span> <span class='ocrx_word' id='word_1_270' title='bbox 787 4219 815 4271; x_wconf 90' lang='lat' dir='ltr'>p.</span> <span class='ocrx_word' id='word_1_271' title='bbox 831 4205 892 4268; x_wconf 79' lang='grc'>639,</span> <span class='ocrx_word' id='word_1_272' title='bbox 903 4205 936 4254; x_wconf 91' lang='grc'>22</span> <span class='ocrx_word' id='word_1_273' title='bbox 952 4198 1084 4253; x_wconf 81' lang='lat' dir='ltr'>chiridoii</span> <span class='ocrx_word' id='word_1_274' title='bbox 1098 4199 1304 4254; x_wconf 76' lang='lat' dir='ltr'>Boulerweleius</span> 
     </span>
     <span class='ocr_line' id='line_1_30' title="bbox 157 4278 1302 4354; baseline -0.001 -19"><span class='ocrx_word' id='word_1_275' title='bbox 157 4281 297 4350; x_wconf 80' lang='lat' dir='ltr'>chirodyli</span> <span class='ocrx_word' id='word_1_276' title='bbox 317 4282 480 4354; x_wconf 81' lang='lat' dir='ltr'>Muellerus]</span> <span class='ocrx_word' id='word_1_277' title='bbox 498 4280 620 4351; x_wconf 78' lang='lat' dir='ltr'>hrodyty</span> <span class='ocrx_word' id='word_1_278' title='bbox 692 4281 768 4336; x_wconf 82' lang='lat' dir='ltr'>ricae</span> <span class='ocrx_word' id='word_1_279' title='bbox 788 4281 897 4352; x_wconf 79' lang='lat' dir='ltr'>Carrio]</span> <span class='ocrx_word' id='word_1_280' title='bbox 916 4279 974 4334; x_wconf 84' lang='lat' dir='ltr'>eice</span> <span class='ocrx_word' id='word_1_281' title='bbox 1046 4278 1155 4333; x_wconf 78' lang='lat' dir='ltr'>ioruciu</span> <span class='ocrx_word' id='word_1_282' title='bbox 1172 4279 1302 4352; x_wconf 73' lang='lat' dir='ltr'>Rutulus]</span> 
     </span>
     <span class='ocr_line' id='line_1_31' title="bbox 156 4355 1411 4432; baseline -0.003 -16"><span class='ocrx_word' id='word_1_283' title='bbox 156 4360 279 4416; x_wconf 81' lang='lat' dir='ltr'>eloruciu</span> <span class='ocrx_word' id='word_1_284' title='bbox 337 4360 458 4418; x_wconf 71' lang='grc'><strong>7216011.</strong></span> <span class='ocrx_word' id='word_1_285' title='bbox 473 4381 500 4432; x_wconf 92' lang='lat' dir='ltr'>p.</span> <span class='ocrx_word' id='word_1_286' title='bbox 516 4367 603 4431; x_wconf 58' lang='grc'><strong>6629</strong></span> <span class='ocrx_word' id='word_1_287' title='bbox 662 4361 782 4418; x_wconf 71' lang='grc'><strong>7316011.</strong></span> <span class='ocrx_word' id='word_1_288' title='bbox 797 4380 824 4432; x_wconf 92' lang='lat' dir='ltr'>p.</span> <span class='ocrx_word' id='word_1_289' title='bbox 842 4364 945 4427; x_wconf 84' lang='grc'><strong>187,19</strong></span> <span class='ocrx_word' id='word_1_290' title='bbox 1000 4357 1116 4428; x_wconf 83' lang='lat' dir='ltr'>uulgum</span> <span class='ocrx_word' id='word_1_291' title='bbox 1173 4355 1209 4412; x_wconf 84' lang='grc'>74</span> <span class='ocrx_word' id='word_1_292' title='bbox 1224 4357 1302 4413; x_wconf 81' lang='lat' dir='ltr'>Glos-</span> <span class='ocrx_word' id='word_1_293' title='bbox 1409 4383 1411 4387; x_wconf 33' lang='lat' dir='ltr'>v</span> 
     </span>
     <span class='ocr_line' id='line_1_32' title="bbox 157 4439 1301 4512; baseline -0.001 -16"><span class='ocrx_word' id='word_1_294' title='bbox 157 4441 260 4496; x_wconf 81' lang='lat' dir='ltr'>surium</span> <span class='ocrx_word' id='word_1_295' title='bbox 275 4441 328 4497; x_wconf 84' lang='lat' dir='ltr'>cod</span> <span class='ocrx_word' id='word_1_296' title='bbox 339 4441 472 4497; x_wconf 76' lang='lat' dir='ltr'>Vaticani</span> <span class='ocrx_word' id='word_1_297' title='bbox 486 4441 553 4498; x_wconf 81' lang='lat' dir='ltr'>CGL</span> <span class='ocrx_word' id='word_1_298' title='bbox 563 4441 601 4497; x_wconf 90' lang='lat' dir='ltr'>IV</span> <span class='ocrx_word' id='word_1_299' title='bbox 615 4461 641 4512; x_wconf 91' lang='lat' dir='ltr'>p.</span> <span class='ocrx_word' id='word_1_300' title='bbox 652 4441 742 4496; x_wconf 85' lang='lat' dir='ltr'>XVHI</span> <span class='ocrx_word' id='word_1_301' title='bbox 807 4441 843 4497; x_wconf 77' lang='grc'><strong>76</strong></span> <span class='ocrx_word' id='word_1_302' title='bbox 862 4440 933 4494; x_wconf 88' lang='lat' dir='ltr'>Nou.</span> <span class='ocrx_word' id='word_1_303' title='bbox 943 4458 970 4510; x_wconf 88' lang='lat' dir='ltr'>p.</span> <span class='ocrx_word' id='word_1_304' title='bbox 983 4444 1024 4507; x_wconf 83' lang='lat'>11,</span> <span class='ocrx_word' id='word_1_305' title='bbox 1035 4444 1051 4493; x_wconf 87' lang='grc'>8</span> <span class='ocrx_word' id='word_1_306' title='bbox 1061 4439 1111 4494; x_wconf 83' lang='lat' dir='ltr'>ubi</span> <span class='ocrx_word' id='word_1_307' title='bbox 1122 4439 1194 4507; x_wconf 72' lang='lat' dir='ltr'>fuleo</span> <span class='ocrx_word' id='word_1_308' title='bbox 1209 4440 1254 4494; x_wconf 84' lang='lat' dir='ltr'>lib.</span> <span class='ocrx_word' id='word_1_309' title='bbox 1270 4439 1301 4508; x_wconf 81' lang='lat' dir='ltr'>V,</span> 
     </span>
    </p>
   </div>
   <div class='ocr_carea' id='block_1_13' title="bbox 0 0 1546 5018">
    <p class='ocr_par' dir='ltr' id='par_1_13' title="bbox 0 0 1546 5018">
     <span class='ocr_line' id='line_1_33' title="bbox 0 0 1546 5018; baseline 0 0"><span class='ocrx_word' id='word_1_310' title='bbox 0 0 1546 5018; x_wconf 95' lang='lat' dir='ltr'> </span> 
     </span>
    </p>
   </div>
  </div>
 </body>
</html>
