3044 5016
210 361 253 427 84
590 361 724 417 I-XXV.
743 362 978 419 XXVHI-XXX.

207 549 295 593 nuuc
317 526 358 591 ad
380 531 413 593 te
435 526 540 607 redeo,
562 530 608 613 ut,
632 549 714 611 quae
736 549 786 592 res
809 549 861 593 me
883 527 1056 613 impendet,
1075 532 1197 615 agatur.

207 727 294 771 nunc
316 728 393 772 uero
416 728 436 770 a
459 707 546 770 mani
569 705 609 770 ad
632 711 769 792 noctem,
791 707 875 772 festo
898 709 995 791 atque
1018 707 1162 791 profesto

208 816 297 878 totus
320 814 398 878 item
421 813 606 897 pariterque
629 813 680 879 die
702 815 906 899 populusque
929 817 1100 898 patresque

121 936 189 986 1230
207 921 326 987 iactare
348 920 520 986 induforo
544 943 577 986 se
601 942 721 1007 omnes,
744 921 894 988 decedere
916 944 1085 1006 nusquam,

207 1027 265 1093 uni
288 1050 322 1093 se
344 1031 441 1113 atque
465 1027 569 1094 eidem
592 1027 700 1094 studio
724 1049 835 1094 omnes
859 1027 974 1095 dedere
997 1033 1030 1094 et
1048 1029 1118 1114 arti,

207 1135 307 1200 uerba
329 1136 404 1200 dare
427 1139 464 1201 ut
487 1139 579 1202 caute
601 1136 740 1220 possint,
761 1158 906 1222 pugnare
930 1135 1049 1221 dolose,

207 1241 364 1308 blanditia
387 1245 516 1324 certare,
542 1243 686 1308 ‘bonum’
712 1244 863 1309 simulare
888 1243 1018 1308 ‘uirum’
1044 1266 1086 1327 se,

208 1348 341 1415 insidias
364 1350 478 1434 facere,
500 1353 537 1415 ut
561 1350 590 1415 si
612 1350 721 1416 hostes
745 1351 810 1415 sint
834 1350 983 1416 omnibus
1007 1372 1127 1416 omnes.

121 1543 189 1592 mas
209 1548 229 1592 o
251 1527 390 1619 lapetha
413 1532 450 1593 ut
473 1529 600 1615 iactare,
623 1550 738 1595 neces
762 1529 841 1594 satis
865 1529 998 1616 cognitu
1021 1529 1077 1614 qui
1100 1530 1158 1594 sis!

209 1637 244 1699 in
267 1657 331 1719 quo
354 1634 484 1699 Laelius
508 1635 673 1720 clamores,
697 1635 817 1721 sophos
841 1635 904 1720 ille,
928 1636 1053 1701 solebat

208 1741 309 1826 edere,
332 1742 528 1826 compellans
552 1744 677 1828 gumias
700 1765 739 1807 ex
763 1743 874 1808 ordine
897 1747 1032 1808 nostros.

209 1919 248 1984 ‘0
271 1919 378 2004 Publi,
401 1942 420 1985 o
444 1943 561 2008 gurges
586 1918 722 2006 Galloni,
741 1944 774 1986 es
797 1921 896 1986 homo
920 1922 1027 1986 miser’
1052 1922 1166 2007 inquit.

209 2029 341 2094 ‘cenasti
366 2030 400 2093 in
423 2029 492 2093 uita
508 2050 686 2112 numquam
711 2029 801 2113 bene,
824 2049 897 2094 cum
922 2029 1031 2094 omnia
1053 2029 1088 2093 in
1110 2029 1173 2093 ista

120 2152 189 2201 1240
208 2136 370 2201 consumis
394 2136 511 2220 squilla
534 2140 631 2221 atque
654 2157 840 2219 auurensere
863 2158 936 2201 cum
961 2134 1134 2200 decimano.

119 2331 186 2379 1241
252 2313 317 2380 Sed
336 2321 372 2379 ul
393 2315 507 2380 solebat
534 2314 568 2380 C.
583 2315 726 2380 maedus
754 2335 845 2397 saepe
871 2315 971 2378 dicere
992 2313 1080 2378 bomo
1103 2314 1160 2378 libi
1182 2310 1233 2400 (Q.
1247 2311 1358 2379 Mucio

253 2419 440 2509 Scaeuolae)
459 2423 625 2501 subruetur,
644 2422 724 2486 mibi
743 2420 791 2509 (L.
805 2419 931 2486 Licinio
952 2418 1067 2485 Crasso
1087 2416 1221 2507 oratori)
1229 2426 1359 2503 prepter

221 2599 225 2606 ,
252 2549 321 2593 earu
339 2530 443 2612 absum
461 2549 590 2594 cuusuru
608 2531 715 2594 ruiuus
731 2549 827 2611 quoru
844 2527 965 2592 uolebat
980 2527 1164 2607 familiaris,
1182 2529 1238 2593 secl
1254 2533 1359 2593 tumere

252 2641 280 2700 et
302 2637 407 2702 domus
424 2637 671 2719 etpcrurbuuus
690 2638 736 2702 sic
757 2637 862 2714 sentio,
885 2636 1039 2700 ueruiueru
1057 2655 1120 2699 esse
1141 2656 1177 2699 uc
1199 2641 1358 2700 orutmuru

251 2763 378 2809 munuc
410 2744 597 2824 babendum,
629 2745 685 2826 qui
715 2764 779 2808 uou
810 2744 852 2809 sit
878 2741 1020 2807 omuibus
1046 2743 1089 2806 iis
1118 2742 1252 2820 ustibus,
1279 2763 1360 2824 quae

251 2856 324 2916 suut
346 2851 439 2915 libero
463 2852 585 2933 diffluae,
603 2851 784 2933 perpolitus.

852 3060 854 3064 ,
929 3013 983 3056 ore

209 3087 343 3167 corupto

280 3285 356 3339 1226
377 3284 564 3355 ‘populusque
578 3284 741 3355 patresque’
762 3282 930 3352 Ennianum,
949 3284 1024 3339 unde
1044 3283 1148 3354 Vergil.
1166 3285 1233 3339 Aen.
1249 3283 1286 3338 IX
1306 3290 1357 3337 192

207 3365 245 3419 IV
264 3370 316 3420 662
372 3364 448 3420 1266
469 3364 550 3418 ‘indu
563 3363 635 3418 foro'
652 3364 829 3418 Ennianum?
889 3361 964 3418 1264
978 3363 1060 3419 Plato
1075 3364 1147 3435 legg.
1162 3364 1175 3417 1
1193 3370 1210 3418 6
1228 3382 1255 3434 p.
1271 3364 1358 3418 6261)

207 3443 356 3515 πολεμίους
374 3441 448 3501 εἶναι
465 3444 576 3508 πάντας
593 3453 663 3500 πᾶσι

279 3624 354 3679 1227
374 3625 448 3678 Fest.
463 3642 491 3695 p.
508 3629 567 3691 161,
588 3629 604 3677 8
674 3621 749 3677 1228
769 3622 897 3676 Lactant.
912 3622 1001 3677 instit.
1016 3622 1042 3676 V
1061 3629 1085 3688 9,
1106 3627 1140 3677 20
1204 3639 1222 3676 a
1239 3621 1315 3676 mani
1336 3623 1363 3677 V

208 3707 306 3759 amant
324 3707 359 3760 Η
374 3721 392 3759 a
409 3720 492 3759 mane
510 3705 610 3773 reliqui
670 3701 746 3757 1229
766 3702 826 3757 dies
851 3704 906 3758 VH
968 3702 1045 3757 1266
1064 3703 1124 3757 foro
1143 3718 1173 3756 se
1192 3704 1220 3758 R
1237 3701 1312 3756 foros
1328 3704 1361 3757 H

208 3786 283 3839 forus
303 3786 346 3839 set
364 3786 390 3840 V
405 3784 498 3839 forum
516 3800 545 3839 se
564 3787 604 3840 B:
625 3782 694 3839 libro
713 3785 734 3838 I
747 3784 845 3838 tribuit
863 3784 888 3837 Ι,
904 3785 1039 3839 Becleruc
1093 3782 1171 3838 1266
1190 3782 1245 3837 Cic.
1261 3781 1356 3837 defin.

207 3866 286 3920 1124
340 3865 383 3936 ut]
403 3867 432 3920 et
450 3866 569 3936 Erlauq.
625 3865 740 3934 cognitu
758 3865 798 3918 cic
816 3864 886 3919 codol
941 3863 1005 3931 quis
1024 3865 1142 3934 Erlouq.
1198 3861 1274 3917 1266
1289 3862 1358 3916 Lae-

207 3947 275 4018 lius]
294 3946 410 4016 cognitu
428 3946 529 4000 laelius
547 3945 617 4001 codd
671 3942 745 3998 1267
766 3943 878 4014 gumias
897 3946 1049 4000 Polaticus
1066 3946 1087 3998 Ι
1102 3944 1212 4014 guimas
1232 3943 1357 3998 Vaticau.

207 4029 326 4099 Erlouy.
402 4027 560 4095 percendum
582 4026 694 4080 uidetur
716 4025 762 4079 ub.
783 4026 810 4079 V
820 4030 884 4093 post
906 4043 933 4079 u.
949 4030 1003 4080 194
1081 4023 1158 4079 1266
1177 4023 1232 4078 Cic.
1252 4022 1288 4076 de
1310 4022 1357 4076 fin.

206 4108 232 4161 Π
255 4115 290 4162 24
313 4106 409 4177 (schol.
429 4107 468 4161 ad
488 4105 555 4161 Hor.
575 4121 655 4159 serm.
670 4103 696 4157 H
719 4109 748 4172 2,
772 4107 817 4174 47)
889 4104 974 4159 miser
997 4106 1089 4160 Pelet.
1112 4105 1132 4157 Ι
1150 4123 1185 4159 m.
1204 4104 1234 4175 2]
1262 4101 1358 4157 miseri

206 4189 307 4258 reliqui
378 4186 455 4241 1266
475 4186 581 4258 cenasti
600 4187 692 4241 Pulul.
706 4186 729 4238 Ι
743 4185 864 4240 conastis
889 4187 974 4241 Vulic.
990 4185 1108 4256 Erleuy.
1163 4184 1218 4238 isto
1233 4184 1363 4239 Pauus

209 4267 285 4322 1246
299 4267 460 4337 acipensere
475 4267 541 4321 editt
555 4281 724 4337 acupensere
739 4266 903 4337 Muellerum]
918 4265 1058 4320 accubans
1068 4264 1219 4335 (accubant
1228 4264 1358 4334 Erlauq.)

208 4363 272 4402 aare
290 4348 359 4403 codd
432 4345 586 4401 decimacio
616 4347 739 4401 Vaticuu.
759 4347 878 4417 Erlauy.
953 4346 1112 4415 pmmidura
1133 4345 1246 4400 uidetw
1268 4343 1314 4397 uc.
1336 4344 1362 4398 V

203 4434 317 4498 postu.
333 4432 386 4481 194
460 4425 534 4482 1241
556 4425 799 4481 Cic.deor.172
874 4424 950 4482 1242
970 4426 1135 4482 Consentius
1150 4423 1235 4479 GLV
1252 4442 1280 4493 p.
1294 4427 1358 4492 400,

208 4508 260 4561 4Κ
278 4508 327 4576 qni
345 4510 466 4562 testetur
482 4524 540 4561 una
557 4525 572 4562 r
590 4507 686 4562 littera
704 4507 789 4562 scribi
807 4513 920 4576 correpto
938 4507 1015 4578 apud
1033 4506 1173 4561 Lucilium
