3052 5024
241 335 356 396 XXXIV
676 339 953 391 PROLEGOMEN‘A.

240 499 394 567 Africano
427 499 615 585 (Metellus)
645 499 870 566 Macedonicus
906 500 1100 567 dissenserat
1136 524 1310 586 eorumque
1346 504 1387 569 ab

241 607 455 674 aemulatione
478 608 608 673 uirtutis
630 608 775 692 proiecta
799 608 972 674 concitatio
995 609 1036 673 ad
1058 629 1173 695 graues
1191 612 1388 694 testatasque

241 716 427 782 inimicitias
445 736 615 802 progressa
632 715 745 780 fuerat.
783 713 847 781 Sed
864 719 971 781 tamen
990 737 1064 782 cum
1078 717 1306 801 interemptum
1321 715 1387 784 Sci·

239 824 370 908 pionem
386 823 579 888 conclamari
593 823 741 907 audisset,
755 823 790 887 in
803 822 970 908 publicum
984 844 1018 889 se
1031 823 1192 908 proripuit
1201 827 1387 909 maestoque

240 931 334 996 uultu
353 934 386 995 et
404 950 484 995 uoce
502 929 636 996 confusa
654 927 875 1015 “Concurrite,
898 929 1111 1014 concunite'’,
1129 931 1244 1015 inquit,
1263 930 1387 997 “ciuesl

239 1039 367 1103 moenia
389 1041 518 1103 nostrae
540 1037 631 1102 urbis
655 1058 765 1103 euersa
788 1040 875 1102 sunt:
900 1034 1043 1122 Scipioni
1062 1038 1147 1102 enim
1166 1036 1319 1104 Africano
1335 1090 1342 1104 .
1357 1090 1385 1104 ..

239 1145 361 1212 nefaria
383 1146 433 1212 uis
456 1146 555 1211 allata
572 1144 645 1210 est''
661 1197 667 1209 .
683 1196 712 1212 ..
752 1143 842 1210 Idem
861 1144 946 1209 filios
965 1165 1040 1210 suos
1060 1143 1186 1210 monuit
1204 1149 1241 1210 ut
1258 1144 1387 1211 funebri

237 1254 308 1329 eius
337 1253 421 1318 lecto
449 1273 577 1318 umeros
605 1251 786 1318 subicerent
814 1255 909 1335 etque
999 1251 1129 1336 adiecit,
1160 1273 1226 1318 non
1252 1252 1322 1317 fore
1350 1257 1387 1319 ut

239 1365 351 1445 postea
372 1361 407 1425 id
430 1359 573 1425 officium
595 1358 635 1424 ab
659 1359 724 1424 illis
747 1358 862 1440 maiori
884 1359 956 1424 uiro
975 1359 1132 1444 praestari
1148 1359 1268 1444 posset'
1288 1357 1385 1446 (Plin.

238 1471 302 1532 nat,
330 1466 405 1532 bist.
432 1464 496 1532 VH
516 1466 580 1530 144
608 1465 721 1550 [Plus]
750 1466 954 1553 apopthegm.
982 1464 1107 1532 Metelli
1134 1464 1179 1552 3).
1230 1464 1293 1532 Sed
1319 1488 1386 1532 non

239 1575 344 1640 solum
366 1573 516 1639 Metellus
543 1573 611 1659 ille,
639 1573 695 1638 sed
717 1593 864 1639 censores
887 1573 982 1638 ambo
1005 1573 1082 1638 anni
1106 1572 1252 1658 623s131
1277 1571 1385 1639 Aemi·

236 1683 323 1747 liano
351 1681 474 1746 inimici
500 1680 590 1746 fuere
618 1684 650 1746 et
676 1679 826 1746 Metellus
854 1679 1080 1746 Macedonicus
1108 1684 1140 1745 et
1165 1678 1201 1757 Q.
1211 1679 1385 1765 Pompeius

236 1788 341 1854 Rufus
374 1786 518 1875 (spopth.
548 1786 632 1872 Scip.
660 1788 736 1853 min
765 1785 813 1875 8):
850 1787 959 1872 itaque
990 1788 1087 1853 etiam
1119 1786 1230 1871 Lupus
1262 1787 1302 1852 ab
1333 1787 1385 1853 his

236 1896 385 1981 princeps
404 1899 533 1960 senatus
551 1896 655 1961 lectus
671 1891 760 1981 (uide
774 1894 858 1959 infra
870 1916 901 1979 p.
915 1892 1069 1981 XXXVI)
1084 1917 1103 1959 a
1118 1891 1279 1978 Scipionis
1293 1897 1384 1978 parte

236 2024 303 2068 non
329 2006 404 2068 erat.
451 2000 553 2067 Totus
579 2002 665 2067 enim
689 2006 817 2066 senatus
840 2001 875 2065 in
898 2001 976 2066 duas
998 2004 1105 2085 partes
1128 2000 1279 2066 discissus
1303 2004 1384 2066 erat:

236 2110 314 2175 coni
330 2107 393 2174 cie.
415 2109 453 2174 de
471 2131 536 2194 rep.
555 2107 627 2173 131
649 2106 745 2185 ‘Quid
764 2108 903 2173 enim...
917 2129 1018 2193 nepos
1089 2129 1156 2172 non
1175 2107 1309 2193 quaerit,
1327 2129 1385 2173 our

236 2217 270 2282 in
297 2239 361 2281 una
384 2215 548 2300 republica
571 2215 634 2280 duo
658 2219 786 2280 senatus
810 2219 843 2280 et
865 2216 928 2280 duo
951 2236 1051 2299 paene
1074 2215 1138 2280 iam
1161 2215 1275 2299 populi
1297 2214 1384 2280 sint?

235 2321 334 2408 Nam,
366 2327 403 2388 ut
434 2321 564 2406 uidetis,
595 2343 683 2387 mors
711 2321 758 2387 Ti.
783 2319 920 2388 Gracchi
947 2325 980 2386 et
1007 2322 1071 2387 iam
1100 2324 1173 2386 ante
1200 2325 1269 2387 tota
1296 2321 1383 2387 illius

234 2431 317 2495 ratio
348 2430 530 2495 tribunatus
564 2428 675 2494 diuisit
701 2430 859 2515 populum
887 2451 987 2494 unum
1015 2429 1050 2494 in
1076 2428 1155 2494 duas
1181 2427 1297 2512 partis,
1329 2429 1384 2492 ob

234 2541 421 2603 tractatores
440 2541 547 2603 autem
567 2540 600 2602 et
621 2536 724 2601 inuidi
748 2533 916 2622 Scipionis,
939 2535 1040 2600 initiis
1063 2535 1157 2600 factis
1180 2558 1199 2600 a
1221 2531 1382 2601 ROrasso

235 2649 266 2710 et
293 2641 377 2730 App.
406 2643 540 2710 Claudio
572 2647 683 2709 tenent
713 2643 815 2708 nihilo
848 2643 954 2707 minus
989 2641 1053 2707 illis
1086 2642 1221 2706 mortuis
1254 2646 1382 2707 senatus

234 2752 366 2816 alteram
407 2756 531 2838 partem
573 2750 780 2816 dissidentem
822 2772 841 2814 a
881 2749 974 2815 uobis
1016 2752 1145 2815 auctore
1180 2747 1313 2814 Metello
1351 2753 1383 2814 et

233 2856 267 2922 P.
278 2857 399 2923 Mucio’
423 2880 448 2923 e.
464 2880 492 2943 q.
508 2880 531 2923 s.

322 2963 516 3049 Fragmenta
537 2964 695 3035 librorum
717 2962 964 3029 XXVI-XXX
987 2965 1143 3049 quantum
1167 2982 1227 3048 ego
1251 2962 1381 3046 quidem

233 3071 328 3136 uideo
355 3093 514 3155 nusquam
543 3075 618 3136 sunt
645 3070 777 3154 indicio,
808 3072 944 3156 scriptos
972 3092 1026 3136 eos
1052 3069 1153 3136 libros
1180 3069 1279 3134 fuisse
1306 3074 1383 3155 post

234 3176 394 3262 Scipionis
422 3183 566 3244 mortem.
614 3176 677 3244 Sed
704 3180 731 3243 si
758 3178 858 3243 libros
881 3176 991 3243 XXVl
1017 3178 1157 3262 primum
1182 3177 1325 3241 omnium
1349 3183 1382 3242 et

232 3285 329 3350 huius
348 3285 476 3369 quidem
496 3286 639 3370 corporis
659 3285 870 3350 nouissimum
884 3284 977 3349 XXX
995 3283 1230 3379 perlegeris,·in
1243 3305 1380 3348 uxorum

233 3390 379 3457 moribus
406 3392 601 3479 castigandis
630 3415 788 3458 summam
816 3414 885 3457 esse
908 3391 1165 3473 similitudinem,
1193 3411 1274 3473 quae
1297 3391 1381 3455 inter

233 3501 405 3582 utrumque
424 3500 600 3564 intercedet
617 3500 711 3565 facile
725 3499 879 3583 inuenies,
897 3499 943 3564 ita
957 3503 994 3563 ut
1007 3497 1091 3564 libro
1105 3495 1197 3561 XXX
1211 3497 1380 3581 suspiceris

232 3609 361 3689 poetam
384 3605 452 3671 illic
475 3611 586 3671 contra
609 3607 838 3673 obtrectatores
861 3604 1048 3690 Metellique
1070 3605 1193 3669 amicos
1216 3624 1284 3668 sese
1307 3626 1380 3688 pur-

93 3767 98 3777 .
233 3731 328 3798 gasse‘
357 3711 397 3776 de
428 3712 473 3777 eie
502 3735 584 3796 quae
610 3712 683 3778 inde
711 3734 730 3776 a
756 3713 840 3778 libro
863 3709 972 3776 XXVI
999 3715 1110 3776 contra
1134 3710 1379 3775 ¹matrimonium

232 3819 402 3903 protulerit
415 3819 604 3906 legitimum.
643 3818 804 3885 Concedes
819 3818 963 3902 denique,
982 3821 1019 3882 ut
1032 3821 1101 3882 erat
1113 3816 1230 3882 Lucilii
1244 3817 1380 3898 animus,

232 3928 267 3991 in
293 3927 357 3992 hoo
385 3947 499 4013 genere
526 3925 610 3991 nihil
636 3926 735 3991 fuisse
762 3929 832 3990 tum
856 3924 962 4010 aptius
986 3925 1073 4010 quod
1096 3927 1204 4006 satura
1225 3924 1381 3988 laceraret

233 4055 329 4118 quam
356 4030 555 4099 Macedonici
587 4033 677 4098 illam
710 4032 749 4097 de
781 4032 906 4098 ciuibus
938 4052 1054 4096 uxores
1086 4032 1199 4096 ducere
1227 4029 1379 4117 cogendis

232 4140 410 4206 orationem
438 4161 572 4223 eamque
600 4161 673 4205 curn
697 4138 730 4202 id
753 4161 853 4226 genus
877 4142 1027 4203 tractaret
1049 4137 1194 4225 tetigisse
1217 4136 1378 4203 Lucilium

232 4248 350 4330 utique.
405 4245 517 4330 Itaque
553 4245 628 4310 libri
660 4243 921 4311 XXVI-XXIX
957 4249 990 4310 et
1024 4246 1159 4311 fortasse
1191 4267 1256 4309 una
1287 4243 1380 4309 XXX

232 4351 383 4437 Scipione
405 4352 579 4437 Laelioque
602 4351 688 4417 uiuis
711 4352 823 4436 scripti
846 4356 921 4417 sunt
943 4352 1035 4418 armis
1058 4350 1379 4439 623s131624f130

233 4457 316 4545 625]
320 4459 381 4525 129
404 4480 475 4524 cum
494 4459 530 4524 L.
546 4456 713 4524 Cornelius
731 4457 843 4545 Lupus
861 4460 1010 4545 princeps
1029 4463 1157 4525 senatus
1177 4456 1212 4535 Q.
1227 4457 1378 4525 Metellus
