3052 5024
600 308 880 363 PROLEGOMENA.
1233 311 1307 364 LVII

161 473 315 540 catillo’'.'
372 471 645 538 commentarium
682 473 717 538 in
748 473 909 538 Lucilium
945 472 1101 539 Macrobii
1145 478 1307 558 auctorem

160 581 352 666 compilasse
383 581 461 645 satis
493 583 656 645 uetustum
690 580 763 645 inde
796 580 949 664 efficitur,
981 581 1067 664 quod
1093 602 1160 646 non
1182 585 1307 646 tantum

161 688 268 775 agitur
291 688 329 752 de
352 689 430 772 lupo
454 685 615 769 Tiberino,
639 687 694 752 sed
716 687 813 752 etiam
832 687 979 753 scholion
1001 688 1042 752 ad
1065 687 1168 752 catillo
1190 688 1309 772 legitur

161 795 357 878 adscriptum
391 794 495 876 ‘quasi
526 794 744 880 ligurritorem
778 795 962 858 catillonem
996 796 1149 879 appellat,
1187 795 1309 858 scilicet

162 902 218 987 qui
236 902 382 985 proxime
400 901 487 984 ripas
503 903 624 966 stercus
639 902 857 966 insectaretur.
876 903 1006 986 proprie
1020 905 1127 966 autem
1143 902 1308 966 catillones

162 1009 365 1090 dicebantur,
393 1009 448 1090 qui
476 1007 516 1071 ad
543 1008 723 1091 pellusium
746 1006 895 1073 Herculis
919 1007 1025 1072 ultimi
1053 1028 1126 1072 cum
1154 1008 1310 1090 uenirent,

162 1113 287 1181 catillos
314 1113 534 1199 ligurribant’:
567 1115 675 1198 qualia
707 1114 830 1179 scholia
861 1116 1012 1200 leguntur
1044 1115 1128 1198 apud
1155 1114 1244 1180 Paul.
1271 1138 1310 1179 ex

162 1222 244 1287 Fest.
259 1245 290 1306 p.
304 1221 358 1306 44,
375 1221 415 1284 12
435 1218 622 1286 ‘Catillonee
643 1220 849 1306 appellabant
867 1223 991 1305 antiqui
1011 1223 1154 1307 gulosos'
1174 1245 1203 1306 p,
1220 1221 1273 1304 90,
1288 1222 1308 1285 2

163 1328 329 1394 ‘Fiscellus
373 1329 455 1393 casei
496 1328 604 1393 mollis
640 1329 816 1412 appetitor,
852 1332 889 1393 ut
925 1329 1092 1393 catillones
1129 1329 1310 1393 catillorum

162 1435 385 1522 ligurritores'.
427 1433 571 1518 Accedit,
594 1435 680 1518 quod
703 1435 788 1520 apud
806 1434 1007 1500 Macrobium
1032 1434 1064 1499 O.
1075 1433 1180 1499 Titius
1204 1439 1311 1499 orator

162 1544 291 1628 proprie
315 1542 432 1607 dicitur
455 1542 582 1606 ‘aetatis
605 1541 811 1625 Lucilianae',
834 1542 919 1625 quod
943 1542 1063 1607 indicet
1086 1542 1153 1607 eius
1176 1543 1312 1607 uerbea

164 1653 293 1715 uetusto
326 1649 465 1732 quodam
498 1649 709 1734 grammatico
744 1649 784 1712 ad
820 1670 949 1714 uersum
981 1647 1099 1713 Lucilii
1134 1649 1312 1732 antiquitus

161 1756 260 1822 fuisse
288 1757 436 1839 adposita
463 1757 497 1820 in
524 1756 763 1820 commentario.
810 1754 873 1820 Sed
901 1759 970 1820 tota
998 1755 1078 1820 haec
1100 1757 1182 1820 ratio
1206 1757 1312 1821 minus

164 1867 246 1929 esset
268 1863 460 1947 probabilis,
486 1863 549 1927 nisi
573 1866 605 1926 et
627 1861 804 1927 Varronem
833 1866 866 1927 et
893 1861 1044 1927 Verrium
1068 1860 1162 1949 (conf
1176 1885 1206 1946 p.
1221 1859 1310 1948 LIH)

163 1970 355 2036 uidissemus
387 1969 516 2053 proprie
547 1969 685 2053 piscium
718 1969 850 2034 nomina
877 1992 893 2033 e
925 1968 1043 2034 Lucilii
1076 1970 1192 2034 saturis
1225 1970 1311 2053 expi-

164 2081 268 2142 scatos
307 2097 387 2141 esse:
425 2075 509 2140 unde
545 2075 712 2159 probabile
747 2077 786 2140 fit
821 2075 901 2140 haec
937 2075 1094 2141 Macrobii
1132 2079 1312 2140 commenta

164 2182 302 2247 Varroni
330 2183 510 2266 antiquitus
539 2183 660 2266 deberi,
692 2183 748 2266 qui
781 2205 892 2248 rursus
920 2184 1082 2247 ueteribus
1111 2206 1188 2248 usus
1215 2183 1314 2247 fuerit

165 2290 402 2355 commentariis
430 2290 464 2353 in
491 2288 666 2372 Lucilium,
693 2289 778 2354 unde
801 2289 879 2354 Titii
903 2291 1039 2355 oratoris
1064 2312 1159 2374 quem
1186 2293 1313 2374 praeter

165 2396 367 2463 Macrobium
391 2397 411 2460 1.
432 2420 454 2460 s.
480 2400 512 2461 et
534 2395 657 2480 IH13,
678 2397 718 2460 13
755 2418 850 2462 nemo
885 2397 988 2461 adfert
1020 2398 1248 2482 grammaticus
1284 2400 1315 2461 et

164 2504 271 2569 Plauti
285 2500 438 2569 Bacariae
456 2503 545 2569 locos
564 2503 620 2568 ille
634 2505 775 2568 traxerit.
807 2502 942 2568 Accedit
956 2504 1042 2587 quod
1057 2525 1095 2568 eo
1111 2503 1197 2588 quod
1212 2503 1315 2587 sequi·
1389 2592 1391 2595 Ι

164 2614 217 2676 tur
249 2612 353 2695 capite
385 2609 480 2675 XVII
512 2610 551 2675 de
586 2612 713 2696 legibus
747 2610 955 2695 sumptuariis
988 2611 1096 2697 agitur
1128 2611 1166 2675 de
1199 2609 1316 2675 Orchia

165 2718 288 2784 Fannia
310 2717 407 2782 Didia
430 2717 555 2782 Licinia
576 2719 657 2804 lege,
680 2718 867 2783 adferrmtur
889 2717 1076 2783 testimonia
1099 2741 1116 2782 e
1140 2716 1260 2782 Catone
1284 2721 1316 2782 et

167 2824 261 2890 Gellii
281 2825 458 2907 annalibus,
478 2828 547 2889 tum
563 2825 601 2888 de
615 2823 739 2890 Fannia
756 2825 827 2912 lege
846 2825 925 2897 haec
944 2825 1055 2890 edocet
1074 2822 1139 2912 (5):
1164 2824 1316 2890 ‘Fanniae

166 2936 271 2997 autem
299 2931 381 3016 legis
410 2932 563 2996 seueritas
592 2933 625 2996 in
653 2953 690 2996 eo
721 2933 893 3017 superabat
915 2930 1067 2998 Orchiam
1091 2933 1206 3020 legem,
1229 2931 1315 3016 quod

166 3041 200 3104 in
233 3038 396 3123 superiore
429 3059 581 3102 numerus
613 3042 739 3103 tantum
771 3040 866 3104 modo
896 3041 1078 3104 cenantium
1107 3038 1317 3104 cohibebatur

167 3146 349 3229 licebatque
378 3144 552 3210 secundum
580 3167 651 3210 eam
678 3147 735 3210 uni
765 3147 881 3230 cuique
903 3147 989 3211 bona
1012 3169 1069 3211 sua
1092 3147 1175 3211 inter
1196 3169 1316 3231 paucos

166 3273 362 3336 consumere,
385 3250 508 3316 Fannia
531 3255 638 3317 autem
662 3254 759 3318 ctiam
784 3253 966 3338 sumptibus
990 3253 1122 3318 modum
1145 3253 1222 3319 facit
1241 3255 1316 3319 assi-

165 3358 226 3424 bus
250 3364 388 3442 centum,
411 3359 496 3423 unde
519 3380 538 3421 a
560 3347 686 3424 Lucilio
710 3364 806 3444 poeta
829 3360 1015 3426 festiuitatis
1040 3382 1115 3426 suae
1138 3383 1227 3426 more
1246 3382 1317 3427 cen-

167 3466 264 3531 tussis
287 3467 443 3532 uocatur'.
482 3465 552 3544 Quo
575 3469 649 3533 loco
672 3467 783 3532 eadem
807 3466 863 3532 illa
881 3467 999 3532 Lucilii
1022 3471 1054 3532 61
1076 3469 1158 3554 legis
1177 3467 1318 3534 Fanniae

168 3574 390 3657 interpretatio
414 3574 534 3660 legitur
557 3597 654 3658 quam
677 3578 714 3639 ut
734 3574 847 3639 falsam
872 3575 1046 3661 castigarat
1064 3573 1179 3641 Ateius
1204 3574 1317 3660 Capito

168 3703 206 3744 eo
230 3681 311 3764 loeo,
335 3703 399 3765 quo
423 3683 594 3767 scriptores
619 3681 923 3748 commentariorum
947 3681 982 3746 in
1000 3681 1161 3747 Lucilium
1181 3705 1318 3747 comme-

169 3791 357 3852 morauerat.
404 3786 467 3865 Qui
490 3788 646 3853 Fanniam
669 3788 789 3875 legem,
822 3811 918 3873 quam
947 3789 1143 3875 significauit
1165 3789 1318 3874 Lucilius,

169 3894 280 3960 eodem
308 3895 404 3960 modo
433 3896 635 3981 interpretati
663 3899 766 3979 erant,
790 3918 854 3980 quo
884 3895 1042 3960 Liciniam
1069 3897 1155 3980 apud
1182 3897 1318 3962 eundem

169 4004 201 4064 et
223 4000 405 4086 Tappulam
428 4003 518 4068 cuius
537 4004 760 4088 interpretatio
780 4003 866 4087 apud
883 4001 1016 4068 Festum
1038 4026 1069 4087 p.
1085 4002 1159 4087 363,
1177 4003 1222 4066 20
1240 4002 1320 4069 haec

124 4096 133 4116 ⁶
168 4109 288 4193 legitur
310 4107 502 4193 ‘Tappulam
525 4112 630 4197 legem
653 4110 856 4177 conuiualem
879 4110 955 4176 ficto
978 4110 1109 4175 nomine
1129 4109 1319 4193 conscripsit

169 4216 277 4280 iocoso
307 4216 447 4281 carmine
475 4216 624 4283 Valerius
652 4216 844 4283 Valentinus
877 4218 968 4283 cuius
1001 4216 1147 4281 meminit
1173 4214 1319 4282 Lucilius

169 4321 231 4388 hoc
250 4323 358 4387 modo'
377 4345 402 4388 e.
418 4346 447 4408 q.
463 4347 486 4388 s.
502 4321 626 4410 (incert.
641 4348 671 4390 u.
689 4322 797 4412 1307).
832 4323 918 4390 Nam
938 4323 1056 4388 multas
1070 4322 1176 4388 Verrii
1195 4322 1319 4410 glossas

171 4449 188 4495 e
220 4431 459 4499 commentariis
490 4431 608 4518 petitas
632 4454 701 4498 esse
724 4435 974 4500 consentaneum
1006 4433 1068 4514 est,
1100 4429 1202 4496 ueluti
1233 4430 1319 4517 quod
