3294 5166
267 374 314 428 LX
702 376 982 428 PROLEGOMENA.

266 536 371 602 adhuc
397 531 582 603 Lucilianae
614 540 740 603 saturae
771 536 866 602 lectio
900 537 1009 622 potuit
1035 539 1180 623 agnosci,
1212 558 1285 602 cum
1313 560 1412 622 opera

124 647 163 685 “³²⁸
176 646 253 685 'W
266 643 382 710 Lucilii
401 639 636 722 Quintilianum
659 645 819 711 rhetorem
844 643 940 729 plane
963 644 1111 730 ignorare
1134 648 1285 730 appareat
1302 667 1320 708 e
1337 647 1409 711 loco

265 750 311 816 IX
325 750 355 836 4,
371 750 414 815 38
438 751 494 815 ubi
517 750 555 815 de
579 773 594 814 s
617 751 726 816 littera
748 750 811 814 hoc
833 750 930 815 modo
954 751 1064 816 refert:
1090 751 1175 815 ‘nam
1197 765 1301 835 neque
1319 751 1412 817 Luci-

265 857 346 924 lium
371 861 488 943 putant
506 857 555 922 uti
574 858 683 923 cadem
702 857 825 942 ultima,
845 879 918 923 cum
938 857 1016 922 dicit
1034 855 1255 925 “Aeserninus
1273 858 1359 924 fuic’
1379 863 1412 923 et

267 964 408 1052 “dignus
427 964 586 1048 locoque''
602 969 634 1030 et
649 962 762 1031 Cicero
777 965 812 1030 in
826 963 959 1030 Oratore
973 966 1080 1049 plures
1094 965 1299 1049 antiquorum
1313 966 1411 1031 tradit

268 1073 314 1136 010
345 1071 492 1138 1000100’.
538 1070 601 1137 Sed
633 1073 717 1138 idem
750 1075 886 1138 10010101
912 1070 992 1156 Χ1,
1013 1071 1056 1136 93
1089 1068 1220 1157 (testim.
1248 1069 1306 1160 48)
1333 1095 1411 1139 non-

266 1177 373 1244 nullos
401 1179 465 1244 iam
493 1177 550 1244 illa
572 1183 676 1246 aetate
698 1179 859 1245 Lucilium
889 1182 1029 1244 ueterem
1057 1200 1123 1243 non
1146 1179 1242 1244 modo
1266 1179 1411 1263 Horatio,

267 1286 322 1351 sed
351 1285 498 1351 omnibus
526 1287 630 1370 poetis
658 1287 817 1370 praeferre
844 1286 981 1351 Latinis:
1010 1284 1097 1368 quod
1119 1306 1221 1372 genus
1243 1287 1412 1352 hominum

267 1393 287 1457 l.
317 1415 340 1456 0.
372 1392 488 1458 leniter
520 1393 669 1479 castigat,
702 1394 847 1459 acerbius
874 1392 1038 1476 uituperat
1065 1391 1195 1457 Tacitus
1223 1392 1339 1478 dialog.
1368 1393 1411 1458 23

115 1501 251 1594 ‘fimf‘
270 1497 401 1586 (testim.
426 1496 492 1585 49).
538 1497 607 1565 Iam
634 1497 792 1585 Apuleius
821 1498 908 1587 (uide
935 1499 976 1564 ad
1002 1499 1058 1563 lib.
1081 1496 1130 1563 Ill
1153 1522 1182 1563 0.
1209 1499 1269 1563 121
1295 1497 1359 1564 VII
1381 1522 1411 1563 u.

267 1606 331 1672 272
351 1605 462 1671 incert.
480 1629 510 1670 u.
532 1603 632 1693 1278)
653 1611 685 1672 01
698 1605 819 1672 Fronto
840 1603 927 1693 (uide
946 1605 986 1670 ad
1000 1605 1110 1670 incert.
1125 1628 1155 1670 u.
1172 1603 1272 1691 1195)
1287 1605 1413 1672 etiamsi

266 1736 338 1778 1010
361 1713 521 1779 Lucilium
544 1715 720 1799 nominent,
743 1736 809 1779 non
832 1713 966 1779 dubium
989 1717 1175 1798 tumerem,
1198 1713 1277 1797 quin
1295 1713 1412 1780 Lucilii
1454 1757 1456 1762 η

67 1823 152 1862 ⁸M⁰¹⁴¹⁰
165 1833 186 1872 v·
201 1821 248 1862 ⁶1⁷·
267 1821 387 1906 scripta
420 1819 482 1904 ipsi
518 1820 663 1906 legerint.
717 1821 893 1905 Populares
930 1820 1067 1904 denique
1104 1819 1251 1904 inprimis
1288 1823 1411 1888 saeculo

73 1877 100 1915 II
112 1877 252 1916 1001111001-

67 1931 126 1969 mita
138 1930 256 2022 vf’ss‘ffla
270 1929 371 1992 altero
395 1931 530 1992 exeunte
553 1929 728 1993 uersiculos
747 1927 865 1993 Lucilii
888 1928 1064 1993 etiamtunc
1081 1927 1181 1992 101000
1199 1926 1301 1992 lulius
1322 1926 1413 2011 Capi-

123 1985 161 2033 sm
268 2033 389 2099 tolinus
413 2032 485 2121 (uit.
503 2032 622 2100 Pertin.
643 2035 672 2119 9,
691 2033 727 2123 5)
745 2039 858 2100 auctor
876 2038 933 2119 001,
957 2035 1012 2118 qui
1031 2033 1230 2099 Pertinacem
1250 2034 1300 2100 ‘ex
1318 2056 1414 2100 uersu

269 2140 448 2207 Luciliano’
476 2141 576 2226 uulgo
600 2141 772 2229 ‘agrarium
796 2141 954 2228 mergum'
980 2139 1103 2228 (incert.
1126 2164 1156 2205 u.
1182 2139 1411 2225 1103)1101101

268 2248 368 2313 101000
405 2249 610 2333 appellatum.
663 2249 743 2315 Post
778 2249 864 2314 hunc
896 2248 1050 2334 temporis
1081 2249 1255 2314 terminum
1287 2248 1414 2314 nullum

250 2359 398 2441 praesto
435 2358 484 2420 001
515 2356 749 2442 testimonium,
786 2378 850 2441 quo
882 2356 1000 2422 Lucilii
1033 2357 1174 2421 carmina
1203 2355 1236 2420 in
1266 2356 1414 2421 manibus

271 2461 439 2526 hominum
476 2461 575 2528 fuisse
608 2467 694 2528 certe
724 2464 848 2528 ratione
880 2463 985 2548 possit
1017 2462 1235 2528 demonstrari.
1290 2461 1415 2528 Reuera

269 2573 404 2634 excunte
424 2570 551 2635 0000010
569 2592 600 2654 p.
620 2568 930 2636 0111011100ηο
949 2574 981 2634 01
998 2569 1177 2634 litterarum
1196 2569 1412 2635 Romanarum

269 2676 437 2742 historiam
461 2676 620 2742 adfinem
645 2697 714 2742 0000
732 2678 917 2762 perductam
938 2677 1007 2740 iure
1027 2680 1157 2742 statuas.
1198 2675 1350 2763 Ingrucre
1368 2677 1414 2740 in-

270 2784 309 2848 de
328 2785 368 2849 ab
387 2784 481 2848 initio
501 2785 619 2850 0000011
633 2783 681 2850 ΠΙ
700 2783 880 2848 barbariem
899 2784 933 2847 in
951 2784 1030 2848 0110
1045 2786 1174 2848 aeterna
1187 2783 1412 2869 inscriptiones

270 2895 396 2956 tanturn
425 2913 491 2956 non
518 2892 670 2958 clamant:
699 2893 805 2976 ipsum
834 2891 996 2956 saeculum
1025 2914 1044 2955 0
1071 2890 1174 2955 Μο010
1197 2889 1321 2954 Latinis
1348 2889 1414 2954 fere

270 2999 458 3064 derelictum
481 2998 609 3063 uidetur
632 3003 664 3063 01
687 3001 914 3082 contemptum.
957 2997 1120 3063 Arnobiue
1144 2997 1230 3081 quod
1250 3018 1322 3061 cum
1342 3017 1415 3061 con-

161 3118 195 3146 '¹‘'
268 3109 393 3190 temptu
416 3109 449 3170 et
471 3105 619 3171 irrisione
647 3127 702 3170 eos
726 3105 953 3192 grammaticos
977 3104 1131 3188 appellat,
1159 3104 1215 3188 qui
1240 3102 1413 3188 ‘Marsyam

267 3212 450 3296 Pomponii'
487 3216 520 3276 01
557 3211 735 3278 ‘Fornicem
768 3211 983 3276 Lucilianum'
1021 3211 1225 3296 obsignatum
1259 3209 1414 3276 memoria

268 3321 434 3385 continent
461 3316 549 3406 (uide
575 3318 616 3385 ad
644 3319 753 3384 incert.
777 3344 806 3384 u.
834 3318 895 3382 117
900 3315 933 3404 7)
939 3367 948 3401 ,
971 3339 1009 3385 ea
1032 3339 1082 3382 res
1106 3317 1239 3382 minime
1261 3317 1308 3384 110
1331 3338 1415 3383 com-

267 3430 379 3510 parata
402 3430 459 3509 est,
481 3429 518 3490 ut
537 3425 610 3491 inde
629 3426 750 3491 efficias
769 3425 886 3491 Lucilii
905 3446 1003 3508 opera
1021 3424 1197 3490 etiamtunc
1214 3424 1250 3488 in
1267 3424 1414 3489 manibus

268 3532 379 3597 haberi
407 3533 441 3596 in
463 3530 574 3599 Africa
602 3536 633 3597 et
655 3531 721 3620 legi
745 3554 813 3599 esse
836 3531 940 3597 solita.
985 3529 1131 3596 Nouerat
1153 3530 1208 3596 ille
1233 3532 1416 3617 grammati-

270 3662 380 3705 corum
404 3641 523 3724 scripta
542 3640 597 3723 qui
616 3663 704 3706 more
723 3640 842 3705 saeculi
860 3638 1077 3704 antecedentis
1097 3641 1222 3703 ueteres
1242 3641 1416 3705 tractarent

269 3750 395 3832 poetas,
418 3739 485 3811 non
505 3751 640 3812 nouerat
662 3751 774 3832 poetas
798 3747 899 3831 ipsos:
922 3768 997 3810 nam
1021 3745 1248 3832 grammaticos
1272 3745 1416 3831 castigat,

110 3857 257 3949 amri·
271 3875 338 3918 non
364 3855 476 3938 poetas
503 3854 591 3938 ipsos
623 3854 787 3939 uituperat
813 3850 984 3918 Arnobius.
1038 3850 1136 3917 Cuius
1168 3851 1326 3937 discipulo
1358 3852 1416 3917 La-

271 3961 392 4028 01011110
398 4010 407 4043 ,
434 3961 486 4024 001
514 3961 658 4026 01001010
686 3962 885 4045 amplissima
914 3959 1065 4024 debemus
1093 3958 1210 4024 Lucilii
1237 3959 1417 4044 fragmenta

268 4068 324 4133 lib.
347 4067 409 4133 XV
433 4091 462 4132 u.
485 4066 552 4132 484
580 4087 667 4151 seqq.
697 4066 735 4130 de
758 4067 1000 4150 superstitione,
1028 4066 1192 4130 1000110.
1219 4065 1304 4129 1228
1329 4087 1414 4150 seqq.

271 4175 311 4240 de
329 4175 497 4240 hominum
516 4173 674 4238 blanditia
692 4173 814 4258 perfida
833 4177 866 4237 et
884 4173 1029 4256 subdola,
1047 4173 1158 4238 incert.
1177 4194 1206 4236 u.
1229 4171 1314 4236 1326
1329 4194 1416 4256 seqq.

272 4282 310 4346 de
338 4282 472 4365 uirtute,
500 4280 556 4345 lib.
578 4278 594 4346 I
617 4304 647 4345 u.
673 4279 714 4344 19
738 4302 824 4365 seqq.
849 4280 888 4344 de
911 4279 959 4345 dis
982 4280 1142 4365 patribus,
1164 4279 1274 4343 incert.
1298 4300 1328 4343 u.
1352 4277 1416 4344 953

272 4389 310 4453 de
338 4389 492 4473 amicitia,
520 4387 607 4472 quod
634 4388 852 4475 fragmentum
875 4391 944 4451 erat
965 4386 1121 4452 librorum
1144 4383 1417 4468 XXVI—XXIX,

273 4518 311 4563 ea
333 4517 373 4559 ex
396 4495 578 4583 argumenti
602 4516 717 4583 genere
740 4499 772 4562 et
795 4493 903 4562 indole
926 4497 1059 4580 apparet
1077 4515 1116 4560 ex
1134 4492 1293 4580 florilegio
1312 4492 1417 4560 ethico
