3052 5024
219 325 240 378 L
649 322 929 375 PROLEGOMENA.

219 488 394 573 scriptione
425 485 521 551 finem
554 486 660 551 uoluit
688 484 758 549 fieri
785 505 919 569 poeseos
949 505 1024 549 suae
1052 483 1246 550 Lucilianae.
1292 483 1370 550 Pro-

218 594 357 660 babilius
398 594 483 659 enim
525 591 652 658 uidetur
693 614 761 658 esse
798 591 922 656 duobus
959 590 1094 657 diuersis
1130 591 1222 656 libris
1260 588 1369 656 Granii

221 723 332 768 cenam
361 723 380 766 a
406 705 502 786 poeta
534 699 634 766 fuisse
662 702 822 765 narratam
852 720 947 782 quam
975 697 1116 764 eiusdem
1147 697 1222 765 libri
1254 699 1371 765 saturis

222 809 352 874 duabus.

9 882 38 921 De
46 885 137 932 mopere
147 881 211 920 libro·

9 933 219 975 amaru-arr
310 914 400 980 Libri
436 912 510 979 inde
547 936 566 978 a
592 910 686 977 XXII
714 912 754 977 ad
781 910 875 977 XXV
911 911 1057 978 distichis
1094 912 1244 999 elegiacis
1280 917 1371 978 erant

221 1022 394 1106 compositi
425 1041 529 1105 neque
562 1019 649 1085 casui
682 1018 887 1084 tribuendum
921 1019 981 1083 erit
1013 1018 1100 1103 quod
1137 1020 1246 1085 omnia
1278 1042 1371 1104 quae-

222 1149 358 1213 cumque
380 1129 497 1194 horum
520 1127 677 1193 librorum
702 1130 829 1192 seruata
851 1130 926 1192 sunt
948 1125 1128 1212 fragmenta
1146 1126 1186 1191 ad
1204 1148 1371 1193 seruorum

222 1240 368 1321 spectant
389 1255 553 1321 personas,
577 1254 714 1319 quorum
738 1238 771 1298 et
793 1232 831 1298 de
855 1232 946 1298 obitu
968 1234 1137 1298 rettulerat
1158 1239 1255 1318 poeta
1277 1239 1310 1301 et
1333 1235 1371 1299 de

221 1343 398 1408 uirtutibus
435 1347 467 1407 et
502 1341 592 1407 uitiis
629 1339 860 1406 defunctorum.
915 1338 1078 1405 Nimirum
1115 1344 1211 1425 poeta
1247 1340 1371 1406 caelebs

222 1451 368 1515 seruulus
396 1471 471 1515 suos
503 1449 631 1513 uidetur
661 1447 813 1514 habuisse
840 1446 1070 1512 humanissime
1096 1448 1168 1512 loco
1195 1446 1370 1513 liberorum

222 1557 290 1621 siue
327 1559 498 1641 parentum
534 1556 636 1620 ueluti
672 1553 829 1620 Pacilium
860 1559 986 1637 putrem
1022 1556 1165 1639 appellat
1195 1554 1371 1621 honorifice

221 1663 275 1730 lib.
290 1660 385 1727 XXII
398 1685 429 1728 u.
444 1661 517 1727 581.
550 1661 621 1739 Quo
640 1666 785 1748 tempore
803 1661 883 1727 haec
901 1661 1037 1748 elegidia
1051 1661 1232 1747 composita
1243 1662 1373 1748 fuerint,

220 1771 283 1836 hoc
301 1792 341 1834 ne
359 1768 534 1834 diuinando
554 1769 682 1854 quidem
702 1769 855 1854 consequi
873 1769 1051 1854 poterimus
1068 1790 1173 1853 neque
1191 1768 1224 1833 id
1243 1769 1371 1853 quidem

222 1876 433 1943 demonstrari
451 1877 572 1961 poterit
589 1880 718 1962 poetam
737 1876 844 1961 iprum
862 1876 922 1941 hos
939 1875 1039 1942 libros
1055 1875 1192 1941 edidisse
1206 1877 1262 1959 qui
1276 1877 1370 1961 plane

222 1984 341 2048 diuersi
370 1983 435 2049 sint
462 2005 481 2048 a
508 1987 634 2049 saturae
660 1983 769 2048 indole
796 2005 834 2048 aa
864 1987 986 2048 natura.
1033 1980 1212 2068 Suspiceris
1243 1988 1371 2068 poetam
1445 2030 1449 2037 ·

220 2087 360 2175 Neapoli
391 2091 454 2155 hoe
485 2090 582 2156 modo
615 2087 763 2155 manibus
795 2089 1002 2156 familiarium
1036 2111 1166 2155 suorum
1198 2088 1308 2156 litasse
1340 2094 1373 2155 et

222 2196 466 2282 grammaticum
495 2196 654 2281 quendam
683 2196 858 2284 diligentur
880 2196 938 2262 has
961 2218 1095 2282 poeseos
1117 2195 1302 2262 Lucilianae
1325 2220 1373 2262 re·

191 2378 196 2388 .
222 2304 339 2388 liquias
368 2304 545 2390 singulares
573 2325 653 2389 quas
680 2304 715 2369 in
743 2303 869 2370 scriniis
895 2308 1009 2389 poetae
1037 2302 1179 2370 defuncti
1207 2304 1374 2370 inuenerat

29 2388 41 2442 ⁰,
87 2387 174 2470 isumus
187 2389 208 2470 ‘a
224 2411 392 2498 collegisse
420 2410 616 2497 disposuisse
643 2411 765 2497 publici
788 2411 868 2478 iuris
890 2410 1017 2492 fecisse,
1046 2433 1109 2495 quo
1133 2410 1236 2498 magis
1258 2416 1373 2496 poetae

221 2518 404 2584 humanitas
417 2522 496 2584 nota
508 2519 601 2584 fieret
613 2518 833 2604 popularibus.
856 2517 972 2584 Libros
981 2515 1219 2583 XXVI-XXX
1228 2539 1372 2584 seorsum

222 2625 366 2712 singulos
389 2629 485 2710 poeta
508 2625 650 2691 ediderat
673 2625 729 2710 qui
747 2623 856 2690 XXVI
879 2625 919 2690 ad
942 2624 1131 2690 historicum
1155 2630 1188 2690 et
1207 2625 1372 2691 hominem

222 2732 458 2798 adulescentem
489 2731 614 2798 miserit
650 2729 743 2819 (uide
762 2732 802 2797 ad
821 2755 850 2796 u.
871 2729 965 2819 612),
1002 2753 1074 2796 oum
1112 2732 1372 2798 doctissimorum

222 2841 364 2905 uirorum
388 2839 542 2906 iudicium
568 2839 671 2905 ueluti
689 2836 850 2924 Scipionis
868 2837 1052 2924 repudiaret
1070 2835 1114 2925 (u.
1133 2837 1224 2926 594),
1246 2837 1373 2904 XXVII

222 2946 262 3011 ad
284 2944 467 3031 Scipionem
486 2945 576 3011 misit
594 2943 637 3032 (u.
657 2944 749 3025 688):
772 2943 924 3029 XXVIII,
942 2943 1050 3010 XXIX
1069 2948 1102 3010 et
1117 2944 1210 3011 XXX
1228 2967 1372 3011 seorsum

222 3053 324 3119 editos
352 3074 420 3119 esse
447 3054 501 3118 uel
528 3051 602 3118 inde
625 3056 766 3139 apparet,
790 3052 876 3138 quod
899 3051 991 3117 XXX
1014 3075 1043 3117 u.
1066 3051 1151 3117 1013
1175 3052 1220 3117 ‘et
1241 3053 1311 3118 sola
1333 3075 1372 3117 ex

222 3159 333 3226 multis
359 3181 446 3225 nunc
472 3163 583 3225 nostra
608 3162 758 3244 poemata
784 3158 877 3223 ferri’
903 3158 1026 3244 priores
1057 3159 1159 3225 libros
1187 3157 1373 3245 diuulgatos

221 3266 257 3331 in
279 3266 427 3332 manibus
449 3266 526 3332 ferri
548 3266 725 3353 legentium
750 3269 861 3331 auctor
885 3269 993 3351 aperte
1011 3265 1138 3330 indicat.
1184 3263 1297 3350 Itaque
1316 3266 1372 3351 qui

222 3373 296 3443 illos
320 3375 552 3439 coniunxerant
575 3373 643 3438 siue
665 3372 867 3460 grammatici
891 3373 960 3438 siue
979 3371 1122 3438 Lucilius
1145 3373 1214 3457 ipse
1234 3373 1298 3437 fuit
1317 3374 1372 3457 qui

222 3500 277 3544 eos
299 3484 413 3564 postea
435 3479 570 3545 ediderit
592 3479 789 3565 coniunctos,
813 3478 899 3564 quod
917 3478 980 3544 hoc
998 3479 1109 3545 ordine
1128 3479 1372 3566 coniunxemmt,

223 3587 292 3651 eius
311 3584 432 3651 ordinis
452 3607 515 3670 quo
535 3586 708 3652 secundum
728 3585 873 3673 singulos
893 3607 992 3651 annos
1011 3592 1102 3651 erant
1119 3586 1197 3652 editi
1214 3587 1371 3653 rationem

222 3691 373 3757 habuisse
392 3691 547 3757 editorem
568 3691 759 3758 credendum
774 3693 842 3758 erit.
866 3691 982 3758 Libros
995 3690 1135 3758 I-XXI
1149 3692 1261 3760 eodem
1275 3695 1372 3760 modo

222 3798 363 3883 primum
382 3797 528 3885 singulos
546 3798 646 3864 fuisse
664 3799 768 3864 editos
789 3802 1037 3865 consentaneum
1056 3804 1117 3866 est:
1142 3822 1222 3884 quos
1242 3801 1372 3867 coniun-

223 3905 300 3971 ctim
309 3903 470 3971 Lucilium
485 3906 591 3990 ipsum
605 3905 741 3971 edidisse
754 3905 945 3991 prohoemio
955 3908 1139 3993 praeposito
1147 3906 1250 3973 Varro
1261 3913 1373 3974 auctor

223 4016 272 4078 est
294 4011 333 4078 de
355 4012 375 4076 l.
394 4010 462 4078 Lat.
478 4010 509 4075 V
525 4012 565 4076 17
594 4012 625 4077 ‘a
648 4035 711 4097 qua
733 4011 887 4098 bipertita
907 4014 1065 4080 diuisione
1087 4013 1232 4080 Luodius
1262 4014 1373 4103 (ducre-

222 4120 285 4186 tdus
307 4116 381 4207 cod)
404 4140 537 4184 suorum
559 4120 654 4185 unius
674 4124 711 4186 et
732 4120 851 4206 uiginti
873 4119 1030 4187 librorum
1053 4121 1183 4187 inibium
1201 4121 1280 4188 feeit
1297 4123 1372 4189 hoc'

223 4222 291 4311 (lib.
306 4223 323 4291 I
337 4249 367 4290 u.
384 4222 425 4312 1).
471 4224 564 4291 Hanc
582 4227 756 4292 editionem
775 4232 904 4311 poetam
921 4250 1005 4294 anno
1018 4229 1086 4293 fere
1100 4228 1241 4315 6487106
1256 4229 1372 4296 consti-

222 4331 322 4397 tuisse
346 4353 444 4417 supra
465 4332 673 4418 exposuimus
695 4356 725 4418 p.
749 4331 881 4398 XXVII.

87 4420 110 4471 Q.
126 4420 210 4459 tactim

89 4474 204 4513 aeream
314 4435 443 4505 Saturae
472 4444 586 4525 poetae
613 4440 709 4504 modo
738 4439 881 4506 defuncti
903 4441 1032 4526 publice
1055 4442 1246 4508 enarrabant
1268 4463 1326 4530 gra
1360 4481 1372 4493 -
