3082 5018
205 309 249 376 46
609 309 700 365 XXVI
716 328 743 365 u.
760 326 782 364 c.
797 314 946 366 666-666,

136 491 187 540 666
632 474 655 557 †
677 495 743 539 non
765 477 798 538 66
821 472 1060 540 multitudinem

208 585 348 659 tuorum,
371 604 468 666 quam
493 581 526 644 in
550 580 659 646 album
684 579 839 645 indidita
861 580 1002 665 dextera,
1025 581 1157 647 conficis
1180 581 1248 648 ibi?

207 759 310 845 malis,
332 782 392 825 nec
414 781 484 826 6666
506 760 631 825 lautum
656 784 673 827 s
696 781 806 825 mensa
824 782 904 844 pure
923 762 1075 844 capturus
1093 759 1224 826 cibum?
1252 759 1352 824 -97

208 938 262 1023 qui
288 960 343 1003 sex
366 961 492 1004 menses
517 938 616 1004 uitam
642 940 771 1022 ducunt,
793 937 876 1003 Orco
900 938 1061 1022 spondent
1083 938 1266 1023 septimum.

208 1117 352 1184 munifici
376 1139 546 1202 comesque
570 1116 681 1183 amicis
705 1116 825 1182 nostris
849 1115 1016 1182 uideamur
1034 1116 1106 1181 uiri.

136 1313 187 1362 666
207 1295 465 1381 quandoquidem
490 1296 630 1380 repperie'
653 1295 779 1382 magnis
802 1294 1012 1360 conbiboaum
1036 1317 1075 1359 ex
1098 1295 1201 1380 copiis
1255 1304 1352 1358 -Ε-

205 1496 281 1559 pars
305 1473 449 1540 difflatur
472 1479 579 1557 uento,
602 1496 677 1558 pars
701 1477 807 1539 autem
831 1473 1007 1560 obrigescit
1031 1473 1159 1561 frigore.
1256 1499 1354 1535 —m--

207 1650 345 1738 denique
368 1651 447 1718 adeo
471 1651 554 1718 male
577 1674 628 1718 me
652 1650 814 1736 accipiunt
838 1652 979 1717 decimae
999 1656 1031 1717 et
1049 1651 1246 1737 proueniunt
1264 1654 1356 1738 mals,

207 1832 299 1896 trado
322 1852 400 1918 ergo
424 1831 503 1896 alias
522 1852 655 1896 nummo
674 1852 781 1917 porro,
804 1832 891 1916 quod
910 1830 990 1895 mihi
1009 1835 1136 1896 6666666
1154 1831 1264 1897 carius.
1304 1860 1355 1906 -ρ

207 2017 239 2077 al
260 2010 440 2096 libertinus,
463 2009 623 2093 tricorius,
647 2008 746 2093 Syrus
770 2009 848 2093 ipse,
871 2015 903 2073 at
925 2009 1102 2095 mastigias,
1257 2017 1355 2072 -F—

136 2136 188 2185 676
208 2117 337 2202 quicum
361 2116 543 2202 uersipellis
565 2117 609 2181 fio
633 2120 665 2181 et
689 2116 819 2201 quicum
843 2119 995 2180 conmuto
1020 2116 1134 2181 omnis.

207 2295 396 2380 publicanus
419 2317 497 2361 uero
520 2300 556 2361 ut
579 2293 677 2360 Asiae
698 2296 784 2379 fiam,
807 2298 844 2359 ut
867 2294 1106 2379 scripturarius,
1258 2302 1355 2356 -G-

207 2424 265 2488 pro
289 2400 424 2489 Lucilio,
447 2403 480 2467 id
503 2423 564 2488 ego
588 2401 673 2486 nolo,
695 2405 728 2466 66
751 2423 815 2466 uno
838 2399 902 2466 hoc
923 2422 989 2465 non
1013 2404 1105 2466 muto
1129 2400 1245 2468 omnis.

633 2579 759 2645 doctior
782 2601 879 2664 quam
902 2579 1001 2645 ceteri
1253 2587 1353 2640 -Η-

207 2688 261 2774 sis,
284 2689 321 2754 ab
344 2687 453 2754 amieis
476 2691 581 2754 mutes
604 2686 714 2772 aliquo
737 2691 779 2771 66,
802 2707 874 2751 oum
899 2687 999 2752 satias
1020 2687 1107 2751 facta
1128 2689 1169 2752 sil

137 2885 188 2935 676
207 2866 287 2931 mihi
310 2866 439 2950 quidem
463 2888 528 2931 non
551 2864 770 2950 persuadetur,
792 2863 933 2950 publicis
956 2867 1078 2930 mutem
1102 2886 1198 2929 meos.
1304 2871 1360 2924 -1

278 3114 337 3169 666
356 3111 493 3169 Caecilius
516 3112 658 3183 Hymnide
682 3111 755 3166 706
779 3111 861 3166 ‘mihi
884 3128 932 3166 sex
960 3127 1070 3166 menses
1093 3111 1162 3167 satis
1186 3113 1252 3166 sunt
1269 3110 1356 3178 uitas,

207 3195 358 3265 septimum
377 3193 449 3249 Orco
468 3193 614 3263 spondeo’.
669 3191 729 3246 666
750 3192 843 3247 Plani.
862 3192 946 3247 Poen.
967 3196 1018 3246 168
1043 3191 1115 3245 ‘heri
1137 3191 1167 3245 in
1190 3193 1270 3262 tergo
1293 3207 1355 3246 meo

207 3274 259 3329 tris
276 3274 362 3329 facila
380 3274 470 3328 corios
488 3271 648 3328 contriuisti
665 3270 808 3328 bubulos’.

278 3488 336 3544 666
354 3488 426 3543 Non.
441 3505 469 3558 p.
484 3492 544 3553 666,
566 3490 580 3539 7
653 3504 709 3541 666
727 3487 757 3542 ts
774 3484 986 3540 multitudinem
1004 3503 1095 3541 6677666
1113 3503 1199 3555 quam
1212 3487 1243 3541 in
1258 3486 1354 3541 uiuum

207 3568 308 3637 indidi,
326 3570 382 3624 ists
400 3570 500 3624 dextra
517 3566 670 3622 confecisse
688 3567 729 3621 ibi
747 3567 880 3637 temptaui
915 3565 973 3621 666
991 3565 1063 3621 Non.
1078 3585 1107 3637 p.
1122 3573 1182 3635 664,
1202 3573 1226 3622 6.
1246 3571 1307 3634 667,
1323 3572 1356 3620 10

207 3664 320 3705 necesse
343 3647 434 3704 lutum
458 3654 510 3703 664
534 3663 647 3703 necesse
670 3649 714 3702 est
738 3648 848 3703 lautum
872 3652 923 3701 667
1007 3647 1066 3703 666
1089 3647 1161 3704 Νοιι.
1180 3666 1208 3718 p.
1228 3652 1293 3713 666,
1314 3653 1354 3701 16.

208 3735 273 3798 686,
297 3734 330 3784 66
407 3746 475 3800 orpo
503 3734 554 3784 686
627 3726 685 3783 ccl
713 3727 784 3783 Non.
803 3746 830 3798 p.
851 3733 899 3795 66,
920 3732 953 3782 14
1025 3727 1084 3783 666
1106 3727 1179 3784 Non.
1198 3747 1226 3799 p.
1246 3734 1294 3795 66,
1323 3734 1356 3782 16

208 3810 332 3881 repperil
349 3810 428 3881 (conf
442 3809 570 3865 Diomed.
589 3827 616 3879 p.
632 3814 693 3877 671,
714 3808 791 3880 16)]
810 3808 922 3878 repperi
940 3808 1009 3864 codd
1026 3809 1131 3878 reperti
1155 3809 1308 3864 Muellerus
1325 3810 1358 3864 ln

208 3892 327 3959 666676,
345 3907 389 3946 res
407 3890 493 3963 periit
505 3891 578 3947 idem
591 3891 623 3945 ia
636 3890 732 3946 Nonio
746 3906 808 3945 cum
822 3890 1003 3944 Lachmamso
1075 3888 1263 3945 conbibonum
1277 3888 1356 3961 editt]

208 3972 391 4028 concinorum
472 3970 531 4025 666
549 3970 620 4025 Non.
636 3989 663 4041 p.
679 3975 722 4037 67,
743 3974 774 4022 11
853 3968 910 4023 667
930 3968 1001 4024 Nou.
1016 3986 1043 4038 p.
1059 3974 1154 4038 561,1
1235 3968 1356 4038 deniquo

207 4053 270 4109 edil.
286 4052 345 4124 pu]
368 4051 434 4107 dein
459 4068 532 4121 quse
608 4051 668 4106 668
686 4050 757 4105 Non.
773 4068 799 4120 p.
816 4054 880 4119 676,
900 4055 935 4103 66
995 4065 1048 4120 ego
1071 4051 1135 4106 aliis
1159 4051 1357 4106 cadmum

197 4132 267 4189 ,666
285 4133 356 4188 Ν66.
371 4151 397 4204 p.
413 4137 456 4200 68,
477 4138 491 4186 7
547 4132 587 4203 al]
607 4131 644 4186 sd
698 4130 770 4185 sirus
825 4131 865 4202 al]
884 4147 917 4185 ac
936 4130 1059 4201 Scaliger
1076 4131 1114 4186 ad
1131 4131 1202 4187 codd
1258 4131 1356 4185 masti-

208 4214 267 4269 ciss
352 4212 409 4268 671
429 4213 501 4267 Non.
516 4230 543 4282 p.
559 4217 606 4278 66,
625 4219 650 4266 4.
671 4217 770 4278 scm
862 4210 1044 4281 publicanum
1070 4216 1105 4265 68
1190 4211 1224 4265 66
1241 4226 1285 4265 om
1304 4215 1354 4264 661

209 4292 267 4349 676
285 4293 356 4348 Non.
371 4312 398 4363 p.
414 4297 511 4360 661,4
557 4290 657 4347 ceteris
671 4290 695 4346 is
710 4307 760 4345 asa
773 4290 864 4345 mittis
910 4294 988 4346 satra
1000 4290 1078 4347 facta
1090 4291 1163 4346 uitia
1208 4290 1266 4345 676
1284 4289 1355 4344 Non.

209 4392 236 4444 p.
252 4379 339 4442 661,6
402 4372 550 4444 pubplicas
566 4371 592 4429 G
609 4371 736 4442 publicos
749 4371 777 4427 L
795 4371 903 4441 pulices
917 4373 970 4428 olii
983 4372 1053 4428 codd
1066 4371 1188 4442 publicis
1204 4371 1358 4427 Muellerus

209 4454 242 4510 lo
259 4454 379 4522 66666766,
397 4452 481 4508 Publi
498 4452 558 4508 utei
576 4453 648 4508 idem
666 4454 698 4507 in
715 4452 811 4509 Nonio
