3052 5024
594 292 873 345 monacorum.
1276 290 1315 345 xl
1378 361 1381 366 .

170 457 208 522 de
231 455 370 521 carmine
393 458 480 521 recte
503 453 625 522 iudicat
642 453 808 520 Vahlenus
832 455 865 519 in
886 453 986 521 Ennii
1008 454 1148 520 editione
1171 455 1313 543 prolsgg.

169 586 198 648 p.
216 561 354 628 ccxlv,

256 668 369 755 Itaque
384 667 531 734 M.Varro
548 670 581 733 in
596 667 628 734 H
641 667 864 734 Plautinarum
878 671 1102 753 quaestionum
1117 691 1190 734 cum
1205 673 1313 757 ageret
1327 667 1513 760 ⁸⁰‘uggusffl

169 779 207 843 de
230 775 393 862 Amphitr.
412 800 441 841 u.
461 776 526 842 667
547 775 769 842 ‘Alcumenam
792 781 866 842 ante
889 776 975 842 aedis
1000 779 1083 841 stare
1105 782 1248 842 saturum
1269 777 1315 842 in·
1496 766 1498 770 Α

168 884 299 970 tellego'
319 883 406 968 quod
424 882 618 949 adiectiuum
636 883 720 948 idem
736 884 895 970 significet
910 883 997 968 quod
1009 882 1030 948 l.
1046 905 1068 948 s.
1084 884 1146 948 681
1170 882 1314 970 ‘pulchre

167 991 307 1076 plenam’
328 991 347 1056 i.
367 1015 392 1057 e.
417 989 598 1075 ἐγκύμονα,
626 991 793 1057 adnotauit
816 992 871 1056 ille
894 990 1023 1075 quidem
1049 989 1252 1056 doctissimus
1280 992 1315 1056 in

168 1119 317 1164 cocorum
346 1119 492 1164 sermone
520 1120 586 1163 non
614 1119 706 1162 auem
739 1098 826 1183 quod
857 1102 1005 1182 expectes
1036 1097 1203 1163 farcimine
1234 1102 1315 1163 tam-

167 1227 264 1289 quam
288 1205 453 1292 grauidam
477 1208 617 1270 saturam
641 1204 810 1291 appellari,
838 1205 893 1270 ssd
916 1205 1022 1291 ipsum
1045 1204 1213 1289 farcimen,
1240 1226 1314 1270 cum

167 1313 207 1377 ab
231 1333 269 1378 eo
293 1312 381 1397 quod
403 1313 547 1377 continet
570 1313 603 1376 id
625 1312 811 1378 nominetur
834 1311 1093 1377 denominatione
1115 1313 1201 1377 facta
1228 1313 1315 1396 quod

167 1419 357 1486 continetur.
394 1417 529 1485 Addidit
547 1420 632 1484 idem
650 1422 856 1504 praeceptum
876 1423 1002 1484 saturae
1016 1418 1123 1504 qualia
1137 1418 1313 1484 farciminis

166 1529 335 1613 praecepta
363 1525 505 1591 seruauit
532 1523 666 1611 Apicius
690 1525 722 1591 Π
745 1524 877 1592 57-59
900 1549 931 1611 p.
955 1526 998 1592 50
1013 1523 1150 1592 Schuch.
1199 1523 1314 1611 Neque

165 1633 266 1719 igitur
283 1631 387 1699 Varro
406 1655 509 1718 neque
528 1633 661 1698 Verrius
680 1633 720 1698 de
738 1633 888 1698 carminis
906 1632 1038 1698 nomine
1056 1636 1200 1720 egerunt,
1223 1634 1313 1699 cuius

166 1739 273 1826 glossa
296 1741 381 1824 apud
398 1741 530 1806 Festum
553 1763 583 1825 p.
604 1739 719 1805 314M.
735 1743 869 1805 seruata
887 1742 936 1805 est
955 1762 994 1805 ex
1013 1740 1122 1805 ordine
1140 1741 1312 1806 uerborum

166 1869 240 1938 curn
257 1865 295 1912 sa
308 1847 530 1932 incipientium
547 1846 652 1911 delata
665 1846 700 1912 in
713 1853 742 1912 st
754 1846 942 1931 incipientia
954 1846 1112 1911 uocabula
1126 1845 1258 1934 (testim.
1273 1845 1312 1934 Ι)

166 1951 335 2020 Consentit
357 1954 395 2019 de
419 1954 482 2019 cibi
506 1976 622 2040 genere
645 1952 779 2018 Verrius
803 1975 876 2019 cum
899 1952 1053 2038 Varrone,
1076 1956 1162 2019 tacet
1185 1953 1223 2020 de
1247 1975 1312 2019 car-

166 2060 252 2127 mine
279 2065 400 2146 saliua,
433 2061 517 2126 idem
544 2059 608 2125 fuit
634 2061 715 2146 legis
743 2062 869 2126 saturae
897 2062 1060 2145 inuentor,
1090 2082 1154 2145 quc
1181 2061 1311 2127 nomine
1325 2068 1382 2120 [hex
1395 2071 1483 2122 utura]

164 2190 341 2253 numquam
370 2168 423 2233 lex
450 2168 540 2247 talis,
569 2167 679 2252 quales
707 2189 748 2232 ne
775 2167 934 2232 ferrentur
961 2167 1066 2232 uetuit
1092 2167 1146 2233 lex
1174 2165 1312 2234 Caecilia

164 2274 260 2340 Didia
279 2275 355 2340 anni
374 2273 502 2358 656t98,
524 2297 636 2340 reuera
656 2275 838 2359 appellatur
856 2275 941 2360 apud
960 2274 1109 2360 antiquos
1129 2275 1309 2360 scriptores.

164 2380 257 2459 Quod
280 2404 398 2447 nomen
416 2382 489 2447 inde
507 2381 603 2446 finxit
616 2380 749 2447 Verrius
764 2381 911 2446 Verriiue
930 2385 1050 2467 auctor,
1075 2380 1162 2466 quod
1181 2383 1215 2446 in
1233 2383 1311 2468 legi-

164 2489 223 2553 bus
248 2488 488 2555 adscribebatur
511 2489 603 2553 ‘neue
631 2510 690 2573 per
712 2492 853 2554 saturam
881 2487 1037 2574 abrogato
1060 2492 1117 2553 aut
1145 2490 1309 2577 derogato'

164 2596 259 2661 sicuti
288 2596 471 2661 etiamnunc
499 2595 532 2659 in
560 2617 632 2661 aere
663 2596 745 2682 legis
777 2595 1025 2680 repetundarum
1055 2593 1157 2661 cml
1179 2597 1252 2681 198,
1268 2597 1310 2661 72

163 2703 283 2790 legitur
308 2704 410 2768 ‘extra
432 2725 528 2787 quarn
552 2703 598 2768 sei
622 2702 699 2787 quid
728 2708 762 2768 in
785 2705 927 2768 saturam
949 2701 1091 2768 feretur’.
1138 2700 1241 2778 Quam
1263 2703 1310 2769 lo-

163 2809 325 2876 cutionem
346 2831 402 2893 per
419 2815 562 2876 suturam
581 2832 620 2875 ex
639 2809 819 2876 oratoribus
838 2806 987 2875 T.Annio
1006 2813 1039 2875 et
1058 2806 1216 2894 Cloelio,
1240 2813 1309 2875 tum

163 2939 202 2981 ex
226 2914 379 2982 Sallustio
402 2917 556 2983 historico
581 2916 691 2982 attulit
713 2916 855 3001 Verrius,
881 2916 999 3000 quibus
1021 2916 1101 2982 locis
1124 2921 1233 2982 tamen
1249 2938 1310 3001 per

161 3029 303 3090 sormam
335 3024 421 3089 idem
454 3024 615 3111 significat
647 3023 732 3108 quod
749 3014 883 3089 'temere
915 3024 969 3089 uel
1004 3023 1184 3090 inordinate
1220 3024 1309 3090 nulla

162 3131 367 3196 distinctione
386 3130 531 3196 adhibita
547 3132 703 3214 nulloque
721 3131 807 3196 facto
827 3130 1010 3195 discrimine
1029 3152 1135 3196 rerum
1151 3131 1306 3218 legitimo.

160 3236 211 3305 Nc
234 3238 267 3303 id
290 3237 420 3323 quidem
442 3239 573 3323 probari
591 3238 711 3324 poterit
735 3237 948 3324 supplendum
970 3259 1038 3304 esse
1056 3261 1168 3305 reuera
1186 3261 1243 3324 per
1262 3262 1309 3304 sa-

160 3348 266 3409 turam
289 3345 392 3428 labem,
416 3346 471 3411 sed
493 3344 557 3411 iam
581 3344 680 3410 Ennii
702 3347 900 3430 temporibus
923 3345 1091 3430 probabile
1114 3349 1163 3411 ost
1179 3367 1240 3429 per
1257 3366 1308 3413 sa

160 3456 265 3517 terram
296 3452 460 3517 locutione
487 3474 555 3518 rem
583 3452 746 3519 incondite
774 3456 806 3518 et
834 3452 1005 3518 indiscrete
1033 3456 1065 3518 et
1094 3453 1308 3538 incomposite

160 3558 278 3624 factam
307 3559 441 3625 indicari
468 3581 538 3626 esse
570 3559 707 3626 solitam.
757 3559 882 3626 Eodem
913 3560 1010 3625 modo
1038 3559 1181 3626 Lucilius
1212 3560 1307 3625 1th

160 3687 190 3730 u.
208 3665 251 3730 48
274 3666 359 3731 hanc
380 3667 576 3732 locutionem
599 3667 759 3732 adhibuit:
783 3666 927 3733 Sallustii
945 3667 1054 3733 locum
1076 3669 1170 3733 multi
1188 3668 1307 3733 imitati

160 3773 235 3835 sunt
250 3792 389 3854 quorum
403 3774 491 3838 locos
506 3774 732 3859 adscripsimus
747 3774 780 3839 in
795 3775 1024 3841 commentario
1043 3775 1084 3841 ad
1098 3774 1153 3839 lib.
1168 3774 1184 3840 1
1198 3797 1227 3840 u.
1243 3797 1267 3840 s.
1283 3772 1306 3840 s.

248 3876 419 3943 Proximus
452 3883 501 3945 est
527 3881 693 3947 Diomedis
726 3886 839 3948 auctor
870 3882 1098 3967 grammaticus
1131 3882 1249 3949 saeculi
1274 3907 1305 3970 p.
1320 3903 1427 3944 bromus
1444 3907 1513 3944 acceo»

159 3983 233 4049 Ohr.
257 3985 390 4051 alterius
414 3988 470 4071 qui
492 4009 522 4071 p.
541 3985 617 4073 485,
631 3985 720 4052 34K.
741 4010 804 4074 seq.
834 3986 964 4076 (testim.
984 3986 1046 4076 IV)
1071 3990 1215 4056 omnium
1242 3992 1306 4075 pri·

158 4113 230 4158 mus
254 4097 287 4159 ct
310 4093 515 4159 doctissimus
539 4094 578 4159 de
601 4099 728 4160 saturae
751 4095 901 4161 carminis
924 4096 1054 4161 nomino
1078 4097 1186 4182 egerit.
1229 4095 1304 4163 Sue-

157 4200 249 4266 tonio
272 4199 463 4267 Diomedem
486 4223 580 4267 usum
603 4223 671 4268 esse
701 4206 841 4288 constat:
867 4204 906 4269 de
928 4201 1059 4270 Valerio
1083 4203 1189 4269 Probo
1217 4226 1304 4289 prae-

157 4310 245 4373 terea
272 4311 402 4375 auctore
434 4307 490 4374 alii
523 4310 705 4395 cogitarunt
737 4308 839 4375 ueluti
865 4306 1145 4376 Reifferscheidius
1174 4309 1302 4377 Sueton.

157 4436 188 4498 p.
207 4413 281 4479 371.
301 4414 374 4479 379.
422 4414 520 4482 Orrius
548 4416 582 4480 in
610 4416 827 4500 disputatione
858 4419 923 4481 tres
955 4415 1050 4484 facile
1082 4418 1304 4484 discernuntur
