3044 5016
415 354 464 417 81.
483 353 598 404 18881
616 352 817 405 versones
835 353 1057 405 1818188811.
1248 353 1309 418 117

177 518 236 567 778.
279 512 373 567 studio
398 555 402 564 .
424 554 429 565 .
453 553 459 564 .
493 515 521 566 et
553 512 609 566 arti
641 517 718 566 1881.
748 512 846 566 (188188
866 512 1095 568 888118181404.

175 584 295 638 8181188ι
315 627 321 637 .
339 626 366 638 ..
387 586 415 638 81
433 600 566 654 magnam
580 582 720 653 pugnaui·
747 583 867 653 Hymnis
885 586 912 639 si
929 584 990 639 sine
1008 584 1098 653 cugio
1118 589 1178 639 840,

175 673 237 710 1888
251 671 376 726 pugnam
392 660 468 709 1888.
497 655 592 714 horret
606 657 635 709 et
642 654 720 726 alget
747 670 801 711 ex:
821 656 887 710 uide
901 671 924 710 e.

177 733 254 783 1180.
287 727 367 782 ludet
385 728 415 782 et
433 726 529 782 eludet
548 729 625 781 1188.
658 744 718 780 mu·
747 726 918 783 exaduerso
938 732 998 782 846.

174 817 227 853 nus
242 799 323 870 fungi
337 800 469 854 81818188
482 814 593 853 seruare
604 803 629 852 8.
641 803 718 852 1888.
746 800 867 867 quantas
883 842 888 852 .
906 841 911 853 .
928 842 933 852 .
958 815 1106 854 aerumnas
1132 801 1308 871 quantosque

174 873 326 940 praecauto
348 872 433 940 atque
453 870 534 941 exigo
553 871 582 926 et
600 871 718 925 exeanto
763 870 875 924 labores
894 870 1067 927 exancloris
1088 876 1164 927 1088.

176 947 217 996 68.
242 947 301 996 880.
327 947 377 996 981
404 947 479 997 1140.
521 941 619 996 818881
642 940 718 1009 11881,
766 941 881 997 81118818
900 943 1044 1011 exalatum
1064 961 1134 998 onus
1153 948 1213 998 536.

171 1016 203 1078 ot
221 1029 312 1097 uagus
330 1012 425 1070 exulet
444 1019 485 1068 88.
517 1012 617 1083 pluma
633 1015 719 1081 atque
745 960 873 1068 incorum
897 1015 1093 1070 exauctorem
1119 1014 1268 1071 Albanum
1279 1017 1309 1071 81

174 1087 357 1156 amphitapoe
376 1087 405 1140 et
424 1086 447 1140 si
467 1085 546 1139 aliud
565 1085 634 1155 quid
649 1083 718 1140 deli·
763 1084 964 1156 fulguritorum
983 1086 1114 1141 arborum
1133 1088 1213 1141 644*.

174 1157 363 1212 8181818888.
402 1159 432 1213 81
456 1157 611 1212 morientur
637 1172 718 1210 8888
745 1158 898 1226 praecauto
909 1158 995 1226 atque
1003 1157 1085 1228 exigo
1093 1159 1306 1214 81818881868.

172 1228 247 1284 ultro
263 1227 380 1284 efferent
394 1233 454 1284 685.
485 1231 514 1282 81
528 1228 625 1296 qualia
640 1230 717 1282 sunt!
746 1229 782 1282 ab
800 1227 930 1284 Arciloco
950 1227 1058 1285 excido
1078 1234 1137 1285 688.

174 1306 233 1355 861.
272 1300 296 1355 81
318 1332 353 1341 -
376 1302 406 1356 81
433 1300 457 1354 81
485 1305 545 1354 384.
570 1305 629 1354 118.
657 1305 717 1353 698.
745 1300 853 1369 thynno
886 1301 969 1370 capto
1000 1300 1112 1355 cebium
1139 1300 1309 1358 excludunt

174 1371 318 1435 18071118
340 1371 432 1427 881818
451 1372 480 1426 81
498 1371 571 1426 fietis
589 1371 718 1426 uersibus
763 1371 839 1426 foras
854 1376 913 1426 988.
941 1371 1077 1429 881811818
1091 1373 1241 1428 excluserit
1253 1391 1308 1429 sese

173 1443 291 1513 inpertit
314 1449 374 1500 688.
416 1443 478 1514 igni
501 1460 565 1497 curn
588 1444 616 1496 81
644 1458 718 1513 aqua
765 1447 824 1497 715.

172 1514 350 1570 interdixerit
361 1520 420 1569 787.
439 1515 573 1583 tectaque
587 1515 717 1572 8118818-
746 1514 891 1583 excoquit
909 1514 1040 1585 pedicam
1061 1521 1101 1570 74.
1128 1533 1242 1585 unguen
1262 1532 1307 1569 ex-

173 1587 253 1642 dines
271 1586 371 1642 reddet
389 1592 449 1642 887.
488 1588 554 1641 8818
575 1585 716 1640 iores...
762 1588 873 1640 coctum
893 1591 952 1640 170.

173 1657 717 1714 ettriolinilimina1107.1348.noncon-
744 1674 817 1727 quae
840 1674 874 1711 ex
897 1657 1018 1712 testibus
1044 1658 1174 1728 exculpe
1195 1663 1236 1713 70.
1274 1675 1307 1713 ex

171 1732 296 1784 temnere
309 1747 338 1784 se
351 1730 380 1783 81
389 1745 471 1800 reges
482 1729 574 1784 odisse
590 1734 666 1783 1188.
681 1761 717 1769 -
762 1745 810 1784 ore
827 1728 904 1784 leoni
922 1729 1071 1800 exculpere
1091 1730 1228 1799 praedam
1246 1736 1305 1784 888.

173 1801 304 1872 absterge
318 1801 449 1855 lacrimas
462 1802 491 1855 et
499 1816 646 1870 precemur
656 1806 715 1854 808.
744 1801 822 1856 calce
841 1801 932 1856 omnis
951 1801 1143 1857 excutiamus
1163 1806 1240 1856 1004.

171 1873 246 1927 huno
267 1916 293 1926 ..
311 1917 316 1926 .
335 1873 421 1927 index
439 1872 571 1927 heredem
589 1871 668 1939 facit,
688 1875 718 1926 81
743 1889 789 1927 me
808 1873 970 1929 exenterat
983 1873 996 1902 *
1010 1878 1071 1927 470.

172 1945 301 2000 damnati
313 1943 363 1999 alii
377 1960 474 1999 omnes
488 1950 549 1999 484.
578 1943 716 2014 persuade
744 1961 778 1998 ex
796 1945 850 1999 hec
869 1961 986 1999 erumna
1004 1944 1029 1998 is
1049 1945 1139 1999 exeat
1159 1944 1236 1998 791‘.

172 2019 201 2072 81
218 2016 308 2071 118881
324 2022 382 2071 788.
403 2048 437 2057 -
455 2032 492 2070 88
506 2015 616 2087 agitare
629 2032 716 2070 manu
744 2016 912 2071 deletionem
925 2016 1015 2070 nostri
1026 2058 1031 2069 .
1044 2061 1049 2070 .
1062 2058 1067 2069 .
1079 2016 1304 2070 818181188888.

170 2087 315 2159 pessulum
343 2089 372 2142 et
394 2089 469 2142 bunc
491 2090 603 2144 uectem
624 2087 715 2158 possis
743 2089 870 2144 exhalas
886 2131 890 2140 .
908 2131 913 2140 .
931 2131 935 2140 .
957 2087 1095 2142 acidos..
1113 2088 1304 2141 .ructus136.

172 2166 231 2215 178.
276 2178 289 2214 8
321 2163 447 2215 88811818
476 2162 505 2215 81
533 2159 716 2231 semigraecei
744 2175 816 2230 quae
832 2203 837 2212 .
855 2203 882 2212 ..
903 2160 1055 2229 praecauto
1073 2161 1158 2227 atque
1174 2159 1263 2226 exigo
1278 2163 1307 2211 et

171 2232 246 2302 quod
274 2232 394 2287 dicimus
421 2231 513 2304 sigma
546 2231 588 2285 nil
615 2230 716 2286 erroris
761 2232 940 2286 8118881868.
975 2231 1065 2284 uitam
1084 2230 1144 2284 sine
1164 2246 1231 2284 cura
1249 2230 1305 2283 exi-

170 2304 257 2359 habet
276 2310 335 2359 879.
357 2337 390 2344 -
410 2306 588 2358 81888441.
613 2303 644 2357 id
663 2318 715 2371 ego
761 2320 811 2374 gas
836 2308 896 2356 811.
938 2301 1116 2356 uestimentis
1139 2301 1229 2372 frigus
1250 2345 1255 2354 .
1277 2345 1304 2354 ..

169 2376 235 2431 nolo
253 2377 283 2430 81
302 2419 307 2429 .
325 2419 330 2429 .
347 2419 351 2428 .
371 2393 428 2430 888
447 2375 525 2429 muto
545 2374 714 2428 8181118678.
761 2376 925 2428 8188181818
943 2374 1025 2443 putet
1044 2378 1104 2428 648.

171 2446 279 2502 deierat
301 2464 328 2502 se
354 2445 499 2501 scribsisse
522 2447 551 2501 81
575 2447 641 2515 post
659 2463 715 2499 non
743 2445 901 2500 mechanici
924 2462 988 2499 curn
1012 2445 1071 2499 alto
1094 2444 1234 2500 exiluere
1256 2461 1305 2514 pe-

171 2518 341 2573 scribturum
366 2523 426 2573 818.
468 2517 578 2571 tiroueo
602 2560 608 2569 .
629 2559 661 2570 ..
688 2518 717 2570 81
760 2520 938 2572 188181898,

169 2606 226 2644 non
244 2589 388 2644 mortifero
401 2632 414 2657 ⁷·
431 2632 436 2642 .
454 2632 459 2642 .
475 2589 715 2644 8818818808-
743 2604 828 2643 senex
843 2632 848 2641 .
865 2631 871 2642 .
888 2632 893 2641 .
913 2587 1006 2643 exilis
1025 2593 1085 2641 888.

170 2663 241 2717 etet
274 2666 333 2716 318.
367 2665 427 2715 419.
457 2666 517 2715 866.
547 2663 606 2714 965.
638 2665 714 2715 1043.
743 2660 930 2716 exind0124.

171 2738 248 2788 1085.
276 2733 352 2799 tabo,
367 2733 447 2786 sanie
461 2734 490 2786 et
504 2731 641 2803 sanguine
653 2733 715 2786 atro
743 2733 788 2787 cui
807 2732 891 2786 fidem
910 2747 971 2787 esse
989 2730 1147 2786 existimet
1166 2729 1244 2784 719*.

170 2805 338 2860 Ennianum
352 2809 412 2858 878.
447 2820 511 2857 cum
524 2819 625 2874 pacem
638 2805 714 2873 peto,
742 2806 848 2876 inguen
866 2820 902 2858 ne
921 2803 1036 2859 existat
1055 2807 1131 2857 1185.

170 2893 233 2930 8818
240 2876 331 2946 placo,
342 2893 406 2930 eum
414 2875 484 2930 adeo
493 2877 521 2929 et
529 2893 592 2930 curn
600 2874 713 2946 appello
740 2875 881 2948 principio
892 2877 994 2940 exitus
1004 2875 1106 2946 dignus
1117 2874 1304 2944 exodiumque

171 2953 229 3003 780.
269 2947 357 3003 Catu
376 2964 461 3017 quam
481 2949 510 3001 et
527 2947 650 3001 Manlius
671 2952 712 3001 77.
759 2950 894 3018 sequatur
913 2953 990 3002 1864.

170 3023 198 3075 81
221 3021 349 3075 uentrem
372 3022 401 3073 81
423 3021 567 3090 gutturem
593 3020 713 3074 eundem
741 3037 831 3092 uagus
849 3019 952 3087 exulet,
971 3020 1045 3074 erret
1064 3018 1155 3073 exlex
1174 3022 1233 3072 83.·
1254 3035 1304 3087 po-

171 3097 246 3146 1167.
267 3107 386 3160 quarum
400 3092 429 3144 81
439 3090 713 3145 abundemusrerum
758 3091 842 3163 pulur
865 3091 968 3162 quibus
990 3090 1101 3161 legibus
1127 3089 1207 3144 exlex
1226 3095 1302 3144 1088.

169 3167 198 3218 et
225 3180 344 3232 quarum
371 3162 549 3234 indigeamus
578 3168 638 3217 808.
685 3165 714 3217 81
742 3163 832 3218 amico
853 3162 1060 3234 exoptabilem
1082 3167 1141 3216 598.

168 3253 251 3307 porro
270 3240 331 3290 488.
360 3235 508 3308 quidnijet
525 3237 558 3288 18
576 3234 652 3290 idem
671 3235 714 3289 in·
741 3251 775 3290 ex
812 3235 939 3292 exordio
977 3235 1104 3289 88818118
1140 3232 1303 3287 Pacuuiano

168 3309 327 3362 litteratum
359 3323 406 3362 me
430 3350 435 3360 .
457 3350 461 3360 .
483 3351 488 3361 .
518 3307 625 3362 diceres
652 3313 711 3362 648.
758 3307 848 3361 1118118
868 3312 927 3361 878.

167 3386 246 3444 1888.
291 3396 352 3434 rem
380 3395 531 3450 cognoscas
560 3378 655 3446 simul,
685 3381 714 3432 et
740 3376 1203 3451 81ἷ1888818188111811817841
1230 3393 1303 3431 mor-

169 3452 252 3506 dictis
276 3451 401 3507 animum
427 3452 566 3506 adtendas
586 3456 645 3505 608,
683 3450 713 3504 18
759 3450 838 3505 dicus
857 3454 954 3521 petere
973 3467 1072 3504 aurum
1091 3466 1106 3504 e
1125 3449 1239 3503 flamma
1258 3466 1302 3503 ex-

169 3540 264 3578 amore
287 3525 316 3577 et
342 3523 372 3577 in
403 3522 623 3578 adulescentulis
652 3528 712 3577 888.
758 3523 857 3593 pedist
877 3528 936 3577 659.

168 3612 223 3665 quo
244 3595 363 3650 facetior
383 3595 498 3650 uideare
515 3596 544 3650 et
560 3594 630 3650 seire
648 3593 713 3664 plus
741 3612 756 3650 e
775 3612 938 3649 somno...
958 3594 1137 3664 expergitus
1157 3598 1217 3648 143.

169 3673 230 3722 888.
256 3710 258 3715 .
741 3667 886 3736 experiar
903 3665 1056 3722 rescribere
1077 3671 1153 3719 1087.

149 3743 229 3796 18881
242 3739 303 3808 ipse
318 3738 410 3794 etiam
425 3740 511 3808 atque
525 3737 636 3809 puellus
651 3743 711 3793 481,
741 3738 862 3808 expilor
880 3735 1163 3810 888811118881868.

167 3812 279 3866 uterum
301 3817 385 3880 aeque
409 3810 495 3865 etiam
513 3809 631 3880 inguina
651 3814 710 3864 641.
740 3810 891 3880 expingor
904 3812 920 3845 *
933 3814 994 3865 888.

167 3883 221 3937 hoc
240 3882 327 3937 etiam
346 3882 443 3952 accipe
463 3887 540 3936 1088.
569 3898 626 3935 888
645 3881 712 3935 dum
740 3900 807 3937 eura
829 3899 865 3937 88
888 3882 1017 3937 omnibus
1038 3925 1042 3936 .
1060 3925 1087 3936 ..
1108 3881 1230 3951 expiret
1247 3880 1303 3934 uiis

168 3952 492 4009 8118811885.-600*.
758 3960 817 4008 646.
863 3954 993 4025 expirans
1027 3959 1086 4008 106.
1135 3969 1182 4007 818
1215 3951 1303 4006 881818

150 4026 226 4097 quod
249 4025 435 4080 etiamsosusc
457 4024 552 4080 nobile
571 4028 613 4080 est
632 4025 710 4080 008’ι
757 4026 899 4096 expirauit
917 4043 1044 4081 amarum
1064 4023 1158 4079 18441

72 4112 74 4117 ’
147 4101 209 4153 tam
237 4096 296 4153 etsi
323 4113 379 4150 non
407 4097 518 4166 quaeris
546 4102 605 4152 181.
651 4098 711 4152 tam
739 4098 862 4153 animum
889 4098 928 4152 mi
953 4098 1077 4167 explere
1101 4094 1217 4150 diuitias
1241 4099 1300 4148 808.

167 4169 221 4226 8181
240 4171 283 4223 881
301 4168 420 4238 indigna
437 4174 496 4223 elo.
738 4184 833 4225 rerum
851 4171 1079 4240 exploratorem
1098 4167 1211 4221 mittam
1226 4165 1301 4220 728⁸.

150 4242 174 4297 si
202 4256 283 4298 omne
310 4241 365 4295 iter
393 4240 497 4295 euadit
597 4240 712 4296 tolutim
738 4257 805 4297 nam
823 4241 895 4298 mihi
913 4242 994 4296 erant
1017 4240 1052 4295 de
1071 4239 1120 4294 illo
1140 4237 1302 4308 explorata

167 4319 226 4370 818.
269 4313 374 4367 euadat
477 4312 586 4381 aliquid
615 4313 711 4382 eliqua
757 4313 852 4368 omnia
871 4319 930 4369 880.

167 4391 227 4442 838.
273 4384 375 4439 uilicus
403 4383 488 4454 paulo
517 4385 656 4440 strenuior
687 4386 712 4440 si
739 4387 788 4455 qui
813 4385 980 4455 inscriptum
1000 4400 1015 4437 e
1033 4384 1117 4452 portu
1136 4383 1302 4451 exportant

167 4457 289 4514 eusserit
302 4461 362 4511 888.
392 4472 488 4511 omnes
502 4473 634 4512 suasuros
648 4474 710 4512 cen·
756 4457 917 4512 clanculum
936 4462 996 4511 788.
1300 4470 1302 4475 ’

167 4534 229 4588 8881
247 4529 454 4600 aegritudinem
473 4533 532 4583 840.
738 4529 930 4600 exprimebat
958 4543 1038 4581 sucos
1065 4525 1217 4583 herbarum
1240 4530 1300 4581 847.
