3052 5024
591 345 871 397 PROLEGOMENA.
1194 343 1305 398 LXXIII

157 505 243 588 Quas
264 503 390 591 eclogas
410 506 586 591 descriptas
603 506 703 572 fuisse
725 527 744 570 e
762 506 871 572 codice
889 505 1026 594 Vergilii
1045 507 1305 574 adnotationibus

158 616 312 716 exornato
336 617 584 679 consentaneum
608 617 664 699 est,
688 635 769 697 quae
787 611 910 678 Valerii
932 612 1030 679 Probi
1052 636 1171 680 nomen
1192 615 1306 681 refere-

156 721 236 786 bant
262 721 297 784 in
325 720 429 784 indice
456 720 533 785 libri
560 724 597 785 ut
623 721 771 786 auctoris.
817 719 897 785 Eius
924 720 1013 786 modi
1040 722 1182 787 codicem
1211 723 1306 788 unius

158 827 361 914 grammatici
383 849 498 912 puram
521 850 579 912 per
602 829 729 893 saecula
751 828 853 893 multa
871 826 1054 894 exhibuisse
1075 829 1254 894 doctrinm
1273 831 1307 894 in
1444 862 1448 869 ·

158 935 303 1021 margine
326 934 506 1018 expositam
529 935 662 999 minime
684 934 834 1000 credibile
854 938 916 1019 est3
944 934 1000 998 sed
1017 936 1138 1000 multae
1157 935 1307 1020 deinceps

157 1041 400 1127 adponebantur
423 1063 442 1105 a
464 1041 585 1126 multis,
609 1041 664 1125 qui
687 1040 743 1106 illo
763 1041 871 1106 codice
890 1040 1071 1126 utebantur,
1085 1038 1307 1108 adnotationes

158 1148 212 1214 uel
233 1147 362 1214 aliunde
386 1151 533 1233 sumptae
556 1147 609 1212 uel
631 1141 672 1213 a'd
695 1170 789 1213 usum
812 1169 986 1234 puerorum
1012 1172 1032 1213 a
1053 1153 1145 1234 patre
1166 1150 1307 1214 familias

159 1257 215 1340 qui
247 1254 434 1341 possidebat
470 1255 590 1320 librum
622 1254 749 1320 additae
780 1256 895 1341 pingui
926 1255 1081 1321 Minerua.
1138 1254 1201 1322 Sed
1232 1256 1308 1322 libri

160 1364 262 1449 ipsius
285 1383 387 1448 genus
410 1365 443 1426 et
464 1362 605 1428 indolem
628 1361 724 1428 facile
747 1383 873 1428 cernere
891 1363 968 1428 licet
985 1386 1025 1429 ex
1043 1362 1250 1428 adnotatione
1269 1363 1308 1427 ad

160 1468 259 1556 eclog.
278 1467 326 1533 VI
345 1468 386 1534 31
411 1493 442 1554 p.
456 1469 536 1555 336,
555 1469 596 1535 21
627 1469 688 1535 ‘De
716 1492 780 1554 qua
811 1492 846 1536 re
873 1469 954 1535 haec
982 1471 1081 1535 tradit
1111 1468 1229 1552 Varrc,
1254 1471 1309 1553 qui

159 1578 202 1642 sit
222 1575 414 1661 Menippeas
437 1597 503 1641 non
526 1598 545 1640 a
564 1578 729 1664 magistro,
753 1579 844 1644 cuius
863 1582 950 1643 aetas
969 1577 1066 1664 longe
1084 1581 1309 1663 praecesserat,

158 1684 353 1767 nominatus,
375 1683 430 1748 sed
454 1706 473 1748 a
495 1685 647 1749 societate
671 1685 802 1771 ingenii,
826 1683 963 1769 quodie
987 1706 1116 1769 quoque
1135 1685 1308 1770 omnigeno
1343 1735 1345 1740 .

160 1792 300 1856 carmine
319 1794 441 1875 satyras
460 1811 534 1856 suas
553 1792 761 1876 expoliuerat.
803 1789 842 1856 ln
856 1791 952 1882 tertio
970 1813 1077 1857 rerum
1096 1792 1309 1857 humanarum

159 1897 267 1963 refert'
296 1919 321 1961 e.
337 1919 366 1981 q.
382 1919 406 1962 s.
457 1895 560 1963 Sicuti
587 1899 621 1962 in
649 1902 718 1963 toto
745 1899 844 1984 libro,
877 1900 922 1964 ita
948 1897 1012 1964 hoc
1038 1899 1210 1985 praecipue
1237 1897 1309 1963 loco

160 2004 284 2070 mireris
308 2008 437 2089 oportet
459 2026 524 2070 non
543 2006 766 2071 tantummodo
785 2006 944 2093 insignem
964 2007 1104 2072 auctoris
1123 2006 1310 2090 doctrinam,

161 2111 335 2177 sedetiam
359 2111 490 2176 uberem
514 2112 656 2177 eiusdem
679 2111 916 2197 loquacitatem.
964 2112 1048 2189 Quid
1075 2114 1160 2178 enim
1185 2116 1310 2178 saturae

159 2218 350 2304 Menippeae
364 2239 583 2305 cognomenue
592 2219 783 2306 Menippeas
798 2219 838 2285 ad
847 2219 948 2285 libros
958 2241 1066 2286 rerum
1075 2220 1310 2286 humanarum?

159 2325 254 2392 Patet
276 2325 356 2391 haec
377 2347 445 2392 non
468 2347 536 2392 esse
560 2325 740 2412 scriptoris,
763 2326 819 2392 sed
843 2326 992 2411 doctoris,
1009 2326 1130 2392 librum
1152 2348 1219 2392 non
1241 2348 1310 2392 esse

161 2454 241 2518 opus
264 2432 445 2518 expolitum
472 2455 492 2499 a
519 2433 744 2520 grammatico,
773 2433 829 2498 sed
856 2437 1007 2519 excerpta
1023 2455 1051 2498 ,e
1079 2434 1310 2499 commentario

161 2539 362 2620 scholastico,
386 2562 467 2625 quae
486 2543 519 2605 et
537 2539 674 2629 impigre
693 2540 860 2606 docentem
879 2543 911 2604 et
930 2539 1146 2605 abundantem
1165 2541 1312 2608 doctrina

160 2647 213 2712 uel
244 2647 475 2733 intempestiua
505 2647 644 2733 prodant
675 2651 930 2733 praeceptorem,
959 2646 1056 2712 modo
1090 2648 1146 2731 qui
1176 2649 1216 2713 ad
1242 2670 1310 2714 rem

163 2755 336 2840 protulerit
362 2752 552 2820 eruditionis
579 2752 707 2840 insigne
734 2753 909 2838 specimen,
936 2753 1033 2819 modo
1064 2775 1206 2837 eaquae
1228 2754 1312 2820 nihil

162 2862 203 2928 ad
235 2883 304 2927 rem
336 2861 392 2927 sed
424 2860 574 2926 docendis
608 2864 699 2925 erant
730 2860 839 2946 pueris
872 2864 949 2946 apta
981 2865 1013 2925 et
1045 2860 1124 2925 satis
1153 2860 1310 2947 uulgaria.

161 2967 275 3067 lleqne
302 2967 344 3053 is,
372 2969 428 3054 qui
455 2966 535 3034 haec
562 2967 745 3053 composuit
775 2970 938 3052 excerpta,
961 2989 1025 3032 uno
1050 2972 1220 3033 contentus
1243 2972 1312 3034 erat

160 3072 261 3141 Probi
281 3074 521 3161 commentario,
540 3074 650 3160 quales
670 3075 753 3142 sicut
770 3072 950 3141 Aristarchi
969 3074 1193 3141 commentarii
1211 3075 1311 3163 uulgo

161 3183 346 3249 ferebantur
379 3182 512 3268 plurimi
549 3181 716 3270 (Lehrsius
756 3183 794 3247 de
825 3180 924 3247 Arist.
947 3181 1029 3247 stud.
1048 3181 1143 3247 Hom.
1170 3181 1244 3247 edit.
1263 3180 1311 3248 ΠΙ

162 3313 193 3375 p.
206 3290 250 3355 22
269 3286 380 3376 seqq.).
420 3288 507 3356 Nam
530 3289 570 3354 ed
593 3287 691 3376 eclog.
706 3287 756 3376 Ill
774 3288 819 3353 40
845 3287 982 3354 alterum
1012 3288 1140 3353 additur
1163 3287 1310 3355 scholion

162 3400 238 3482 post
256 3395 355 3462 uerba
374 3396 420 3461 ‘in
439 3395 503 3462 alio
523 3395 589 3481 sic',
608 3397 687 3462 item
705 3396 746 3461 ad
769 3394 997 3482 georg.1244
1019 3393 1122 3460 1137.
1164 3393 1312 3462 Suetonii

162 3507 260 3589 caput
282 3504 321 3568 de
338 3504 445 3570 Probo
466 3501 519 3585 (de
542 3524 675 3590 gramm.
691 3500 749 3590 24)
768 3524 841 3568 cum
859 3501 1065 3589 perlegimus,
1087 3504 1192 3588 ipsam
1214 3503 1312 3570 huius

162 3610 238 3676 libri
261 3615 408 3677 naturam
432 3633 605 3698 agnoscere
627 3609 722 3676 nobis
742 3610 892 3675 uidemur
914 3609 1026 3675 ‘unum
1045 3613 1078 3675 et
1095 3610 1241 3696 alterum,
1259 3609 1312 3676 uel

163 3739 236 3784 cum
259 3718 418 3803 plurimos
442 3722 507 3784 tres
535 3722 591 3783 aut
615 3705 768 3802 quattuor
794 3716 1054 3802 postmeridianis
1081 3718 1170 3783 horis
1199 3717 1311 3783 admit·

163 3827 230 3890 tere
257 3823 395 3910 solebat,
429 3825 613 3910 oubansque
640 3825 725 3890 inter
753 3825 869 3911 longos
901 3845 939 3889 ac
970 3825 1121 3910 uulgares
1150 3846 1311 3890 sermones

161 3929 268 4019 legere
299 3932 469 4017 quaedem,
496 3932 593 4016 idque
620 3954 759 4017 perraro.
804 3930 912 3996 Nimis
939 3952 1042 4016 pauca
1069 3935 1102 3996 et
1128 3931 1245 4018 exigua
1273 3932 1337 3996 de'

163 4038 355 4123 quibusdam
383 4038 517 4104 minutis
545 4037 797 4123 quaestiunculis
825 4037 945 4103 edidit'.
995 4036 1109 4122 Itaque
1141 4061 1181 4103 ex
1213 4041 1312 4103 scota-

163 4149 271 4210 torum
284 4145 376 4211 libris
391 4145 539 4232 inprimis
553 4146 731 4212 innotuisse
740 4145 840 4212 Probi
853 4143 1024 4231 disciplina
1032 4147 1130 4211 aetati
1140 4145 1312 4230 posteriori

163 4254 306 4339 putanda
337 4257 399 4339 est,
427 4254 522 4320 sicuti
551 4255 602 4321 ‘ex
624 4253 776 4320 familiari
800 4254 882 4340 eius,
905 4252 1001 4319 docto
1023 4253 1107 4318 uiro'
1132 4250 1253 4318 Gellius
1277 4273 1311 4318 se

164 4361 359 4447 comperisse
381 4361 495 4428 scribit
516 4360 532 4427 l
553 4362 604 4447 15,
625 4362 665 4428 18
695 4361 856 4447 quomodo
885 4361 924 4426 de
952 4358 1148 4426 Sallustiana
1172 4359 1310 4444 quodam

162 4467 235 4536 loco
259 4469 488 4556 grammaticus
515 4467 571 4536 ille
600 4468 735 4537 illustris
763 4468 960 4536 indicauerit.
1006 4465 1120 4555 Itaque
1147 4466 1206 4552 eis,
1230 4489 1311 4553 quae
