3082 5018
227 317 351 373 CXXXII
655 320 934 372 PROLEGOMENA.

14 475 231 585 „msgff’ffissmssg
320 480 377 570 53)
401 482 508 548 quen.
529 480 624 547 1165
657 481 747 546 ‘ense
783 480 873 546 uelut
906 482 1019 548 stricto
1052 482 1200 566 quotiens
1232 481 1375 548 Lucilius

229 591 341 657 ardens
365 590 543 673 infremuit,
570 590 664 654 rubet
692 589 832 672 auditor,
863 590 914 654 oui
941 588 1060 676 frigida
1086 611 1176 654 mens
1199 593 1248 654 est
1271 590 1376 655 orimi

228 698 366 781 nibus,t
352 698 430 762 taoit
431 720 450 761 a
416 697 584 762 tsudant
602 696 789 782 praecordia
807 695 926 781 culpa':
947 697 1024 761 conf
1034 696 1170 782 Longin.
1191 697 1229 761 de
1248 694 1377 764 sublim.

230 826 297 889 cap.
317 803 370 888 34,
383 804 405 867 4
428 802 539 868 Horat.
563 805 655 888 epist.
633 802 750 887 t,IIl
765 803 839 868 211.

31 912 119 952 Visst&
136 912 230 952 ””’”’1
321 908 379 998 54)
402 909 512 975 Horat.
542 933 633 976 serm
654 909 746 994 14,1
779 909 931 994 Eupolis
960 915 1055 995 atque
1085 858 1169 975 Crat‘
1144 913 1232 975 tinus
1256 907 1378 975 Aristo·

69 969 115 1006 era
116 967 194 1006 adada

110 2589 204 2628 eruditio

228 1018 413 1104 phanesque
436 1021 550 1103 poetae
573 1019 670 1103 atquo
693 1018 748 1082 alii
772 1039 908 1102 quorum
928 1017 1094 1083 comoedia
1111 1019 1217 1102 prisca
1234 1018 1377 1082 uirorum

229 1130 291 1210 est,
323 1126 423 1210 siquis
457 1129 525 1190 erat
557 1125 672 1212 dignus
702 1124 865 1207 describi,
885 1123 972 1209 quod
999 1126 1102 1190 malus
1131 1145 1169 1190 ac
1195 1125 1260 1208 fur,
1292 1124 1378 1208 quod

229 1230 382 1297 moechus
412 1230 496 1295 foret
524 1235 580 1295 aut
607 1231 739 1297 sicarius
768 1235 824 1296 aut
851 1229 972 1315 alioqui
995 1231 1152 1314 famosus,
1180 1231 1281 1297 multa
1304 1253 1377 1298 cum

228 1339 376 1404 libertate
394 1337 557 1403 notabant.
600 1336 686 1403 Hinc
704 1339 809 1403 omnis
827 1337 946 1424 pendet
963 1338 1117 1423 Lucilius,
1134 1339 1231 1405 hosce
1250 1343 1377 1405 secutus

229 1447 362 1511 mutatis
385 1448 511 1510 tantum
534 1443 670 1529 pedibus
693 1445 923 1530 numerisque'.

319 1549 377 1639 55)
399 1550 512 1617 Horat.
532 1574 622 1617 serm.
642 1549 682 1634 H,
698 1551 726 1635 1,
740 1551 783 1616 62
807 1552 923 1636 ‘quidl
946 1574 1019 1618 cum
1042 1557 1093 1617 est
1114 1551 1258 1618 Lucilius
1282 1574 1378 1618 ansus

229 1660 352 1744 primus
381 1660 415 1723 in
442 1660 528 1724 hunc
556 1660 662 1743 operis
690 1679 871 1743 conponere
898 1661 1040 1726 carmina
1067 1682 1188 1725 morem
1213 1659 1378 1725 detrahere

230 1771 263 1832 et
293 1767 425 1851 pellem,
456 1765 579 1831 nitidus
612 1788 676 1849 qua
703 1767 839 1850 quisque
866 1790 924 1852 per
951 1789 1007 1832 ora
1034 1766 1172 1851 cederet,
1204 1767 1378 1832 introrsum

230 1873 354 1958 turpis’.

319 1978 376 2068 56)
401 1979 536 2045 Martial.
556 1977 619 2044 XII
633 1980 719 2063 947
754 1980 923 2046 ‘audemus
961 1985 1099 2046 saturas:
1132 1980 1276 2048 Lucilius
1308 2002 1377 2046 esse

229 2087 376 2152 laboras'.

319 2192 377 2281 57)
400 2193 511 2260 Horat.
531 2217 624 2261 serm.
642 2193 776 2278 111,68
804 2194 907 2279 ‘atqui
926 2194 1083 2279 primores
1105 2194 1219 2279 populi
1243 2195 1379 2280 arripuit

229 2303 450 2387 populumque
477 2303 638 2384 tributim,
666 2302 790 2367 scilicet
817 2302 873 2366 uni
901 2323 1021 2386 aequus
1049 2300 1162 2366 uirtuti
1191 2304 1286 2386 atque
1310 2303 1378 2368 eius

230 2409 362 2474 amrcls',

96 2535 226 2575 racemo
320 2514 377 2603 58)
403 2513 512 2582 Cicero
546 2516 584 2582 de
614 2521 692 2582 orat.
716 2476 796 2581 Ill?
825 2514 874 2580 Ὃ.
885 2515 1029 2581 Lucilius
1137 2518 1169 2579 et
1202 2514 1314 2581 doctus
1347 2521 1379 2582 et

230 2623 441 2707 perurbanus'

320 2728 377 2816 59)
403 2728 512 2795 Cicero
541 2730 679 2815 epistola
705 2730 747 2794 ad
769 2730 903 2794 Paetum
922 2727 969 2793 IX
985 2727 1070 2813 15,2
1100 2727 1284 2794 ‘Accedunt
1313 2752 1378 2796 non

230 2835 342 2920 Attici,
361 2837 416 2902 sed
435 2837 583 2901 salsiores
602 2858 698 2921 quam
717 2838 765 2902 illi
783 2835 967 2902 Atticorum
982 2835 1121 2901 Romani
1140 2840 1263 2902 ueteres
1282 2841 1379 2922 atque

231 2943 345 3009 urbani
368 2944 460 3026 sales,
483 2965 542 3030 ego
567 2948 673 3008 autem
692 2982 736 2990 —-
755 2944 919 3009 existimes
942 2943 1018 3009 licet
1042 2942 1211 3027 quidlubet
1229 2983 1273 2991 —
1292 2945 1379 3010 miri·

230 3052 290 3116 fico
317 3051 427 3135 capior
448 3050 586 3134 facetiis,
614 3053 753 3116 maxime
776 3050 988 3131 nostratibus,
1018 3052 1205 3136 praesertim
1229 3072 1301 3116 oum
1326 3074 1378 3117 eas

230 3158 355 3222 uideam
388 3158 529 3242 primum
561 3157 683 3222 ablatas
717 3154 840 3243 (oblitos
872 3157 966 3244 codd)
998 3156 1091 3221 Latio
1123 3161 1207 3241 tum,
1239 3179 1312 3223 oum
1345 3161 1380 3223 in

230 3265 342 3329 urbem
366 3268 509 3329 nostram
533 3267 582 3329 est
605 3264 711 3328 infusa
733 3264 953 3349 peregrinitas,
981 3283 1066 3327 nuno
1088 3285 1165 3327 uero
1189 3265 1285 3329 etiarn
1309 3264 1378 3330 bra

231 3370 310 3435 catis
348 3375 380 3436 et
416 3369 623 3455 transalpinis
656 3369 854 3454 nationibus,
891 3374 927 3435 ut
959 3369 1084 3434 nullum
1114 3371 1233 3436 ueteris
1260 3371 1378 3456 leporis

230 3478 405 3564 uestigium
424 3481 584 3562 appareat.
620 3478 738 3561 itaque,
756 3481 788 3542 te
807 3499 880 3542 cum
896 3476 1001 3560 uideo,
1020 3476 1124 3541 omnis
1138 3477 1218 3542 mihi
1234 3477 1380 3563 Granios,

231 3584 335 3650 omnis
363 3584 519 3667 Lucilios,
550 3606 624 3650 uere
656 3588 693 3648 ut
726 3584 843 3668 dicam,
875 3581 1007 3649 Crassos
1038 3605 1165 3669 quoque
1193 3588 1226 3651 et
1252 3586 1379 3651 Laelios

230 3692 339 3756 uidere
361 3689 494 3756 uideor’.

320 3795 378 3885 60)
401 3795 513 3862 Horat.
492 3803 633 3863 t.serm
652 3796 756 3882 14,6
785 3797 998 3864 Lucilius..
1015 3800 1128 3864 .fsoet
1129 3822 1181 3884 us,
1213 3803 1379 3866 emunctae

230 3906 348 3971 naris

320 3956 392 4098 61)
401 3955 505 4077 Horat
507 4064 513 4076 .
491 4016 624 4077 tserm.
640 4010 663 4077 Ι.
681 4013 731 4097 10,
746 4012 788 4076 64
808 4010 930 4077 Fuerit
916 4011 1128 4096 tLucilius,
1119 4035 1260 4098 mquam,
1278 4015 1380 4079 comis

231 4123 264 4183 et
285 4119 428 4184 urbanus
453 4120 524 4183 ...'.

320 4224 377 4314 62)
402 4225 533 4303 Quintil.
549 4225 579 4289 Χ
596 4227 624 4310 l,
639 4226 682 4290 94
702 4225 796 4290 ‘Nam
816 4227 953 4292 eruditio
973 4228 1008 4291 in
1026 4248 1063 4292 eo
1083 4227 1173 4311 mire,
1193 4231 1225 4293 et
1238 4227 1380 4311 libertas,

138 4348 142 4355 '
231 4337 328 4418 atque
352 4333 425 4397 inde
449 4332 603 4398 acerbitas
627 4337 659 4397 et
682 4332 807 4399 abunde
830 4334 927 4398 salis'.

321 4439 378 4528 63)
402 4439 583 4527 Porphyrio
604 4441 656 4517 ,ad
687 4439 766 4506 Hor.
793 4461 885 4506 serm.
903 4439 919 4505 I
934 4441 963 4526 3,
977 4443 1022 4506 40
1055 4441 1174 4530 (ueluti
1206 4441 1379 4508 Balbinum
