3082 5018
603 339 882 392 Paonnconnus.
1226 333 1311 389 CXIX

167 503 255 568 mina
277 501 484 586 responderet
507 505 603 586 poeta
621 499 814 585 Venusinus,
838 500 893 565 sed
911 499 1067 584 appellari
1086 500 1200 565 debere
1219 499 1310 564 Luci·

164 611 245 676 lium
278 608 490 693 ‘squalentem
522 610 554 672 et
586 607 794 690 ieiunidicum
827 629 886 692 pro
918 607 1041 693 gracili’
1070 603 1163 693 (Gall.
1182 605 1203 669 l.
1222 627 1245 671 s.
1264 604 1309 694 5).
1324 619 1437 661 caeram

165 717 355 783 Rectissime
370 715 455 780 enim
470 714 626 779 iudicauit
640 713 679 780 dc
693 713 820 780 Lucilio
834 713 990 778 Horatius
1005 736 1097 781 serm.
1111 712 1127 778 I
1141 713 1172 798 4,
1186 714 1206 777 6
1222 735 1308 798 seqq.

165 821 298 911 (testim.
314 821 364 887 75.
381 819 446 908 76).
488 820 627 885 Romani
656 825 688 886 et
711 821 819 885 Latini
847 821 1014 907 sanguinis
1041 821 1188 886 homines
1215 822 1309 907 pede-

165 931 240 996 stris
264 929 420 996 sermonis
443 931 534 993 erant
556 927 743 1013 peritissimi
772 927 924 1012 artifices,
956 949 1060 1012 neque
1091 950 1168 994 uero
1196 931 1308 1013 poetas

164 1039 292 1104 Latium
324 1036 507 1122 procreauit
533 1056 637 1119 neque
664 1035 779 1120 poesin
805 1039 932 1119 praeter
954 1038 1109 1118 saturam,
1142 1057 1223 1120 quae
1246 1058 1308 1100 ser-

165 1145 270 1210 monis
301 1142 458 1229 pedcstris
490 1143 589 1208 fuerit
620 1142 753 1228 effigies.
807 1140 921 1225 Itaque
954 1142 1049 1208 sicuti
1082 1141 1220 1227 Arpinas
1253 1143 1308 1208 ille

163 1261 202 1338 τῇ
234 1252 318 1337 πρὸς
345 1251 406 1334 τὴν
432 1251 571 1333 ποίησιη
596 1248 731 1335 εὐκολίᾳ
757 1250 882 1328 παίζων
909 1247 1040 1335 ἐχρῆτο·
1091 1248 1216 1332 λέγεται
1244 1251 1307 1336 γὰρ

166 1359 307 1442 ὁπηνίκα
330 1358 424 1444 ῥυείη
447 1358 530 1442 πρὸς
552 1357 589 1421 τὸ
612 1365 777 1440 τοιοῦτον,
800 1364 858 1440 τῆς
881 1357 1001 1432 νυκτὸς
1024 1359 1085 1439 ἔπη
1104 1367 1213 1421 ποιεῖν
1230 1378 1307 1421 πεν-

163 1469 300 1532 τακόσια
333 1463 508 1551 (Plutarch.
528 1461 593 1529 Cic.
608 1484 676 1547 cap.
690 1463 734 1528 40
749 1460 859 1550 med),
891 1464 937 1528 ita
969 1463 1130 1539 Lucilium
1162 1463 1197 1527 in
1228 1463 1308 1527 hora

164 1594 257 1657 saepe
281 1573 435 1636 ducentos
458 1591 570 1637 uersus
594 1570 732 1635 dictasse
755 1593 772 1634 e
795 1570 934 1656 uestigio
958 1569 1111 1654 reliquiae
1136 1572 1223 1655 ipsae
1242 1591 1307 1636 oar-

162 1681 285 1744 minum
302 1679 474 1761 declarant,
493 1677 692 1764 garrulitatis
711 1681 743 1742 ct
761 1676 903 1741 incuriae
921 1678 1034 1761 plenae
1053 1676 1183 1760 ubique,
1201 1699 1308 1761 saepe-

161 1809 293 1852 numero
322 1787 456 1871 propter
483 1784 718 1870 indiligentiam
746 1787 778 1848 et
809 1784 1049 1848 festinationem
1082 1785 1220 1848 auctoris
1253 1785 1307 1849 ob-

163 1915 273 1959 scurae
292 1897 324 1958 et
342 1892 547 1977 perdifficiles
567 1891 607 1955 ad
625 1889 931 1975 interpretationem.
972 1889 1097 1975 Nempe
1117 1894 1193 1975 erat,
1212 1892 1307 1956 sicuti

161 1999 332 2064 Memmius
366 1999 420 2063 ille
453 1998 492 2063 de
524 2019 588 2082 quo
617 1995 727 2062 Cicero
751 1997 841 2061 Brut.
857 1997 932 2080 247,
963 1997 1091 2083 fugiens
1118 2018 1183 2062 non
1211 1998 1307 2062 modo

161 2106 287 2171 dicendi
311 2107 481 2171 sedetiam
501 2105 663 2190 cogitandi
681 2105 834 2187 laborem,
858 2104 994 2189 denique
1014 2105 1178 2169 schedium
1197 2107 1304 2190 appel-

159 2214 249 2278 labat
281 2237 362 2299 opus
391 2235 485 2279 suum
513 2210 646 2299 (testim.
663 2212 712 2277 77.
729 2212 785 2295 78,
809 2214 919 2276 incert.
933 2236 963 2276 u.
981 2195 1094 2297 1279),
1127 2213 1213 2297 quod
1242 2235 1304 2278 ser-

160 2321 256 2386 uulus
292 2344 309 2385 e
347 2320 468 2386 domini
506 2341 559 2384 ore
596 2319 776 2404 excipiebat
813 2319 964 2384 dictantis
1001 2340 1073 2382 cum
1105 2320 1301 2402 loquacitate
1321 2340 1385 2382 arae
1397 2345 1489 2394 propria

161 2429 332 2493 senectutis
360 2429 500 2513 propria.
545 2425 654 2511 Atque
676 2425 784 2490 uerbis
808 2448 880 2490 eum
904 2427 954 2489 uti
977 2411 1143 2510 ‘cuiusque
1167 2427 1246 2491 artis
1269 2449 1307 2492 ac

159 2536 283 2620 negotii
325 2535 478 2621 propriis’
520 2532 676 2599 Frontoni
718 2532 881 2598 credemus
923 2533 1098 2598 affirmanti
1141 2530 1185 2620 (p.
1210 2532 1252 2596 62
1273 2533 1307 2599 N

161 2644 279 2708 testim.
296 2640 352 2729 79)
375 2643 478 2706 ueluti
500 2641 675 2727 figulorum
700 2639 857 2705 uocabulo
877 2638 959 2704 Osco
983 2640 1086 2704 utitur
1109 2640 1142 2703 in
1165 2641 1305 2704 uasoulis

161 2750 376 2815 describendis
404 2747 530 2836 (incert.
549 2773 579 2812 u.
601 2746 715 2836 1318),
743 2745 874 2832 Syriaco
904 2747 1061 2812 uocabulo
1091 2748 1124 2812 in
1151 2748 1304 2832 panificio

160 2855 284 2941 (incert.
298 2881 329 2921 u.
346 2853 457 2943 1250),
479 2857 668 2921 meretriciis
692 2857 727 2919 in
749 2877 784 2918 re
803 2853 960 2918 amatoria
978 2853 1094 2938 uerbis,
1113 2855 1304 2939 equisonum

159 2964 316 3028 uocabula
343 2963 474 3028 adhibet
501 2965 536 3028 in
564 2987 598 3029 re
622 2964 761 3046 equestri
786 2960 873 3049 (uide
897 2960 1035 3026 indicem
1059 2963 1304 3047 grammaticum

159 3094 183 3135 s.
197 3095 226 3135 u.
256 3071 425 3136 castrensis
450 3066 583 3157 sermo),
607 3069 760 3135 militaria
783 3071 817 3133 in
840 3070 958 3154 pugnis
980 3069 1147 3133 narrandis
1171 3073 1203 3133 et
1225 3068 1303 3133 belli

158 3176 331 3262 laboribus,
344 3177 509 3242 rhetorum
524 3178 557 3241 in
573 3177 753 3242 oratoribus
768 3176 944 3261 carpendis,
958 3175 1226 3260 philosophorum
1241 3197 1304 3240 ser-

85 3328 87 3331 -
159 3306 252 3349 mone
284 3285 387 3350 utitur
419 3306 491 3349 cum
524 3285 717 3369 sapientium
746 3284 851 3348 studia
883 3286 1019 3347 tractare
1047 3303 1215 3368 aggressus
1244 3287 1300 3348 cst.
1315 3301 1387 3342 Semo
1400 3302 1515 3342 οαονοοο

158 3389 309 3475 Inprimis
328 3396 436 3457 autem
460 3392 614 3456 castrensi
637 3412 782 3456 sermone
806 3395 839 3454 et
861 3391 987 3476 uulgari
1011 3390 1114 3454 utitur
1136 3393 1172 3453 ut
1196 3391 1303 3476 grauis

158 3500 249 3563 annis
273 3500 380 3582 miles,
403 3499 493 3563 cuius
518 3499 673 3563 sermonis
696 3501 862 3581 tamquam
885 3500 997 3561 auctor
1020 3499 1123 3561 estet
1146 3497 1302 3582 princeps.

159 3604 229 3681 Qua
256 3603 295 3668 de
321 3626 356 3670 re
386 3626 459 3671 curn
483 3605 612 3670 uberius
635 3606 668 3668 in
693 3603 798 3669 indice
821 3604 1030 3689 grammatico
1055 3604 1098 3668 sit
1120 3606 1302 3689 expositum

158 3715 190 3776 et
216 3712 337 3795 passim
368 3711 402 3774 in
431 3713 674 3795 commentario,
702 3709 780 3775 illuc
806 3713 949 3794 praestat
975 3709 1116 3797 relegare
1139 3711 1300 3777 lectorem.

157 3818 260 3884 Erant
278 3819 312 3881 in
331 3818 473 3883 exercitu
490 3816 691 3882 Numantino
711 3815 872 3900 Scipionis
892 3818 1079 3903 congregati
1098 3819 1178 3883 socii
1200 3808 1302 3883 ueluti

157 3948 197 3992 ex
220 3929 289 3991 tota
311 3923 415 4007 Italia,
437 3925 521 3989 unde
543 3924 658 3989 Latina
677 3923 760 3989 Osca
778 3922 882 3988 Tusca
901 3921 1021 3990 Graeca
1039 3924 1197 3990 uocabula
1216 3925 1301 4008 apud

156 4034 318 4098 Lucilium
350 4032 489 4097 inueniri
517 4052 583 4095 non
615 4036 664 4096 est
695 4030 781 4115 quod
812 4031 946 4096 mireris.
997 4029 1117 4098 Graeca
1144 4030 1302 4096 uocabula

157 4162 238 4226 quae
257 4140 373 4206 saturis
392 4139 512 4224 passim
528 4139 663 4203 insenrit
677 4138 849 4204 secundum
866 4138 1129 4204 consuetudinem
1144 4137 1300 4203 sermonis

156 4246 324 4313 cottidiani
347 4247 382 4312 in
404 4247 509 4312 indice
533 4246 667 4312 collecta
690 4243 834 4310 exhibui:
858 4267 922 4330 qua
944 4247 978 4310 in
1001 4267 1034 4309 re
1052 4244 1207 4309 Horatius
1226 4265 1299 4309 eum

156 4354 361 4442 impuguauit
397 4351 504 4440 (serm.
528 4352 544 4420 Ι
564 4354 615 4438 10,
633 4354 677 4420 20
700 4375 787 4439 seqq.
806 4355 924 4418 testim.
944 4350 1001 4439 80)
1038 4373 1141 4436 neque
1179 4352 1300 4416 imitari

155 4463 212 4528 uol
237 4463 274 4546 t,
301 4484 374 4528 cum
397 4461 515 4529 Lucilii
538 4462 653 4529 similis
677 4463 720 4528 sit
741 4460 904 4528 quenalis
926 4461 961 4524 in
984 4458 1045 4525 hac
1068 4459 1135 4524 stili
1157 4460 1300 4546 proprie·
