3052 5024
571 315 850 368 raonnoonnun.
1067 284 1070 286 ⁵
1171 312 1287 368 xxxin

139 476 314 544 uerisimile
338 482 526 562 esttamen
547 477 761 544 necessarium
784 480 924 542 nonest.
965 475 1066 543 Nulla
1083 477 1219 544 fortasse
1236 500 1288 545 res

140 585 243 672 magis
265 584 426 651 Lucilium
454 585 584 670 impulit
606 588 644 649 ut
666 588 788 651 saturas
812 580 965 650 scriberet
987 605 1083 670 qnam
1107 582 1163 651 ills
1184 582 1288 650 Mace·

140 691 247 759 donici
279 692 397 776 oratio,
428 693 496 757 eius
529 693 670 758 censoris
702 692 759 776 qui
790 692 918 777 Lupum
949 692 1128 777 principem
1160 696 1288 758 senatus

139 799 221 887 legit
248 799 360 865 eodem
388 821 472 865 anno
499 821 562 884 quo
586 797 729 865 Lucilius
751 799 872 864 librum
895 799 1035 884 primum
1060 797 1094 886 (i.
1117 821 1142 864 e.
1166 796 1289 887 XXVI)

125 906 128 913 ⁴
140 907 323 993 composuit
336 905 401 971 623
404 907 420 993 j
424 906 484 971 131
501 902 590 992 (uide
604 906 688 972 infra
701 929 732 991 p.
746 902 909 992 XXXVI).
945 904 1076 971 Iltenim
1090 907 1124 971 in
1140 907 1288 973 omnibus

139 1013 324 1080 Lucilianae
346 1035 480 1098 poeseos
503 1014 649 1099 partibus
673 1015 777 1081 elucet
798 1017 994 1098 quantopere
1011 1013 1154 1081 Lucilius
1173 1010 1288 1081 uxores

141 1122 258 1206 oderit,
285 1121 404 1187 amicas
432 1125 517 1187 amet
543 1123 634 1187 uelut
656 1120 774 1186 librum
797 1119 876 1186 XVI
899 1125 974 1206 post
996 1144 1115 1187 annum
1139 1120 1289 1207 638s116

141 1229 305 1314 aliquanto
334 1228 455 1294 editum
484 1227 522 1294 de
545 1225 675 1312 Collyra
702 1228 805 1293 amica
832 1249 890 1293 sua
916 1229 1045 1314 scripsit
1071 1251 1171 1295 annos
1194 1233 1289 1296 natus

140 1337 207 1401 fere
225 1334 322 1400 LXX.
364 1333 511 1400 Similem
533 1333 837 1422 εὐθνῤῥημοσύνην
859 1357 935 1420 prae
959 1358 992 1401 se
1011 1337 1074 1402 fert
1091 1337 1126 1401 in
1144 1336 1189 1401 eis
1209 1358 1290 1421 quae

141 1444 180 1508 de
203 1441 366 1528 Hymnide
394 1446 426 1507 et
449 1441 582 1507 Cretaea
607 1438 696 1529 (uide
718 1441 829 1508 insert.
852 1466 882 1507 u.
906 1440 985 1529 925)
1009 1447 1117 1509 narrat
1139 1442 1231 1509 libris
1254 1448 1291 1509 ut

141 1550 270 1616 uidetur
300 1547 555 1615 XXVI—XXX.
614 1547 733 1615 Contra
768 1549 973 1615 acerbissima
1009 1554 1116 1616 satura
1152 1571 1289 1616 uxorum

142 1678 247 1723 mores
274 1657 414 1742 perfidos
438 1661 470 1724 et
492 1657 657 1743 improbos
681 1657 853 1744 uestigauit
874 1657 958 1723 libro
980 1651 1103 1743 XXVI,
1131 1658 1290 1744 imprimis

141 1765 225 1831 libro
248 1763 353 1851 XXX,
381 1786 477 1849 quem
504 1787 544 1829 ex
571 1763 666 1829 ‘libro
694 1765 824 1829 aureolo
848 1763 1063 1849 Theophrasti
1090 1766 1129 1831 de
1156 1765 1288 1850 nuptiis’

142 1870 267 1960 (Senec.
290 1871 350 1959 frg.
370 1870 412 1936 47
436 1868 492 1957 Η.)
516 1872 713 1956 exscriptum
737 1871 917 1955 credideris,
940 1876 1030 1938 tanto
1054 1894 1192 1938 uxorum
1216 1872 1290 1937 odio

141 1979 264 2067 flagrat.
305 1976 398 2044 Adde
421 1978 508 2062 quod
531 1979 595 2044 tale
618 2000 751 2064 poeseos
770 1984 995 2066 argumentum
1014 1980 1147 2045 minime
1165 1984 1292 2065 poterat

142 2089 305 2174 ingratum
347 2107 415 2152 esse
451 2090 508 2151 aut
544 2086 691 2152 odiosum
729 2084 873 2171 Scipioni
909 2087 1012 2153 amico
1049 2087 1105 2171 qui
1141 2087 1290 2154 infaustis

143 2193 304 2259 ominibus
345 2192 550 2259 matrimonio
587 2195 714 2259 iunctus
752 2198 820 2259 erat
856 2215 929 2259 oum
966 2192 1156 2280 Sempronia
1192 2216 1292 2261 uxore

141 2301 162 2386 ἣ
185 2309 231 2390 τῷ
251 2303 417 2368 Σκιπίωνι
440 2299 629 2386 γαμουμένη
654 2302 710 2367 dcet
734 2301 946 2387 δυσμορφίαν
966 2299 1022 2368 καὶ
1041 2301 1199 2368 ἀπαιδίαν
1218 2301 1286 2368 οὔτ’

142 2406 312 2496 ἐστέργετο
341 2406 412 2474 οὔτ’
443 2410 597 2494 ἔστεργεν
622 2409 668 2474 ita
689 2412 727 2473 ut
749 2412 898 2473 necatum
922 2409 1073 2474 maritum
1096 2410 1197 2476 fuisse
1220 2432 1291 2494 pro·

141 2516 238 2581 bante
274 2517 327 2581 uel
363 2514 536 2580 adiuuante
573 2514 763 2600 Sempronia
798 2538 817 2580 a
853 2517 989 2600 posteris
1026 2516 1112 2581 credi
1148 2517 1313 2601 potuerit,

143 2619 295 2710 (Appiam.
319 2623 348 2688 b.
368 2642 393 2687 ο.
412 2621 487 2688 120
509 2623 579 2688 Liu.
600 2645 665 2708 per.
685 2620 728 2687 59
748 2620 849 2711 extr).
872 2620 1045 2708 Inquinata
1066 2623 1219 2688 nlmirum
1243 2627 1292 2688 est

142 2733 211 2795 tota
233 2729 339 2814 poesis
358 2728 473 2795 Lucilii
496 2750 670 2815 puerorum
694 2730 857 2795 amoribus
880 2729 963 2795 unde
982 2728 1110 2795 Afranii
1128 2731 1290 2795 saeculum

143 2858 297 2923 agnoscas
320 2841 353 2902 et
375 2841 566 2903 scortorum:
589 2859 705 2903 uxores
728 2840 840 2902 contra
862 2841 895 2902 et
912 2837 1152 2904 matrimonium
1172 2837 1292 2922 ubique

142 2945 245 3029 carpit
267 2945 408 3032 maligne
430 2945 533 3011 ueluti
555 2943 611 3009 lib.
624 2943 687 3010 XV
710 2969 740 3010 u.
764 2943 830 3009 504
838 2966 902 3029 seq.

181 3093 184 3098 -
277 3072 349 3118 cum
372 3056 479 3118 tecum
503 3056 563 3136 est,
587 3050 743 3138 quidquid
766 3053 844 3117 satis
868 3055 929 3116 est:
951 3051 1053 3117 uisuri
1076 3052 1173 3117 alieni

277 3159 342 3225 sint
363 3158 524 3244 homines,
547 3160 681 3244 spiram,
703 3160 819 3244 pallas,
841 3158 1029 3224 redimicula
1051 3160 1179 3244 promit.

142 3266 282 3331 Romani
322 3288 399 3347 uero
442 3267 499 3332 illo
540 3271 686 3352 tempore
722 3269 918 3351 quantopere
953 3265 1065 3331 liberis
1102 3266 1290 3350 quaerendis

143 3396 273 3457 operam
293 3373 446 3458 dederint,
463 3374 554 3439 nulla
571 3397 606 3439 re
624 3373 727 3459 magis
745 3374 784 3438 fit
801 3378 947 3458 apertum
966 3394 1063 3458 quam
1080 3371 1135 3439 Cn.
1151 3372 1292 3441 Cornelii

143 3477 304 3565 Scipionis
331 3481 428 3546 titulo
456 3481 508 3547 cui
534 3504 594 3566 pro
622 3482 736 3546 merito
765 3481 920 3566 inscripta
947 3485 1023 3546 sunt
1048 3482 1168 3568 insigni
1195 3482 1292 3547 uerba

143 3587 200 3652 illa
227 3587 426 3675 ‘progeniem
454 3587 563 3675 genui'
592 3585 674 3675 (CIL
693 3587 766 3652 1138
794 3586 984 3654 Buecheleri
1008 3585 1111 3652 Germ.
1134 3587 1203 3654 Lat.
1227 3589 1292 3675 epi-

137 3679 409 3782 >graph.11958)
441 3698 586 3780 tempore
613 3696 680 3760 fere
707 3695 785 3761 belli
811 3693 1011 3761 Numantini.
1062 3695 1161 3762 Recte
1192 3696 1293 3782 igitur

143 3799 316 3866 scholiasta
342 3824 521 3887 anonymus
550 3802 591 3868 ad
612 3800 691 3867 Hor.
714 3803 735 3867 l.
759 3825 783 3867 s.
807 3824 830 3868 s.
855 3803 1010 3889 carpsisse
1037 3807 1166 3888 poetam
1188 3801 1291 3867 Mace-

143 3906 294 3973 donicum
318 3907 364 3973 ‘in
386 3911 523 3995 gratiam
548 3908 728 3994 Scipionis',
752 3910 771 3974 i.
787 3932 812 3974 e.
854 3907 1005 3995 Scipione
1028 3910 1119 3976 uiuo:
1142 3907 1291 3994 Scipione

143 4015 229 4080 enim
262 4020 390 4081 mortuo
421 4017 585 4082 hominem
613 4017 873 4102 potentissimum
901 4041 920 4080 a
946 4016 1071 4083 Lucilio
1099 4017 1291 4102 castigatum

141 4123 242 4187 fuisse
274 4123 403 4208 publice
430 4126 484 4190 nel
510 4124 582 4189 ideo
609 4124 777 4209 probabile
803 4147 871 4190 non
898 4128 959 4208 est,
992 4124 1079 4209 quod
1107 4123 1145 4187 de
1172 4123 1291 4188 mortui

143 4226 304 4314 Scipionis
380 4230 469 4297 eritis
510 4235 543 4296 et
581 4232 708 4319 egregie
744 4231 838 4297 factis
875 4231 1047 4298 admodum
1083 4231 1222 4294 humane
1259 4233 1291 4294 et

142 4336 277 4420 pulchre
308 4254 437 4421 puLh'ce
468 4340 613 4404 locutum
640 4338 739 4417 husee
766 4337 933 4404 Metellum
960 4337 1201 4402 Macedonicum
1228 4341 1292 4402 tra·

142 4442 224 4508 dunt
251 4444 388 4530 antiqui:
415 4442 520 4514 Valer.
548 4444 632 4511 Max.
656 4444 810 4526 1v1,12
834 4442 1010 4511 ‘Acerrime
1038 4467 1112 4511 cum
1140 4442 1291 4528 Scipione

196 4557 477 4600 auennensem.
1062 4564 1077 4602 o
