3052 5024
571 280 851 332 PROLEGOMENA.
1196 277 1285 331 XXIX

136 441 171 505 in
192 441 315 507 honore
336 441 508 528 habebant,
531 447 692 508 mortuum
714 441 844 527 publico
867 442 978 507 funere
1001 440 1163 507 iusserunt
1180 442 1286 510 efferri

136 548 230 613 sicuti
253 548 419 615 Tarentini
442 550 648 616 Euoratidam
671 549 903 635 philosophum
927 548 1122 633 Epicureum
1145 546 1285 636 (Dircen-

135 654 262 742 bergeri
289 656 403 744 syllog.
432 657 574 743 inscript.
604 655 713 722 Graec.
742 653 951 744 ed.11883).
1003 654 1155 742 Sepultus
1186 657 1286 743 igitur

135 764 203 826 erat
216 759 360 829 Lucilius
378 785 474 848 quem
488 763 688 840 Quintiliano
707 767 789 829 teste
807 762 903 828 multi
921 763 1100 849 prinoipem
1116 768 1284 848 poetarum

134 866 324 935 Latinorum
352 870 452 936 fuisse
475 871 657 936 iudicarunt
680 867 856 958 (testimon.
879 868 938 957 48)
962 870 997 935 in
1020 870 1130 936 eadem
1152 870 1284 957 regione

135 979 167 1041 et
189 979 288 1061 terra,
312 999 376 1062 qua
398 977 612 1065 P.Vergilius.

222 1084 367 1150 Lucilius
394 1085 497 1172 igitur
523 1090 618 1151 natus
640 1085 708 1151 fere
731 1107 814 1150 anno
839 1083 1003 1171 574s180,
1030 1088 1176 1150 mortuus
1201 1106 1284 1149 anno
1299 1085 1477 1179 ssgrffssgffl's‘

134 1188 284 1275 652s102
306 1192 439 1278 reliquit
461 1196 647 1278 poematum
670 1191 770 1258 libros
789 1190 890 1276 XXX,
914 1213 994 1276 quos
1016 1191 1051 1255 in
1067 1191 1131 1256 tria
1149 1212 1284 1275 corpora
1339 1194 1430 1242 ΜΝ

134 1296 319 1382 dispertitos
341 1300 442 1365 finsse
464 1305 576 1366 contra
598 1299 736 1366 editores
759 1299 963 1383 nouissimos,
985 1296 1227 1363 Laohmannum
1251 1301 1285 1362 et

133 1403 168 1469 in
192 1405 253 1471 hac
277 1407 406 1490 quidem
428 1430 464 1473 re
487 1408 555 1472 cius
579 1411 770 1473 sociaturum
792 1405 999 1487 Muellerum,
1026 1406 1082 1488 qui
1106 1405 1168 1473 duo
1192 1404 1282 1470 uolu-

133 1512 222 1577 mina
258 1514 436 1598 antiquitus
473 1515 573 1581 fuisse
605 1517 733 1581 sumant
764 1513 899 1599 exposui
932 1511 1013 1578 stud.
1045 1510 1147 1577 Lucil.
1180 1534 1211 1599 p.
1231 1511 1283 1578 86.

133 1615 242 1702 Atque
268 1624 354 1686 recte
381 1621 510 1706 quidem
533 1622 759 1688 Lachmannus
782 1621 895 1686 statuit
920 1617 986 1707 (Kl.
1011 1617 1100 1685 Sohr.
1123 1616 1155 1683 H
1178 1641 1208 1703 p.
1224 1616 1282 1705 62)

131 1723 277 1792 Nonium
318 1728 444 1794 duobus
485 1730 672 1815 corporibus
714 1750 782 1795 esse
820 1750 926 1794 usum:
972 1748 1109 1811 quorum
1146 1725 1282 1792 alterum

131 1832 235 1898 libros
265 1833 358 1901 XXV
394 1836 469 1901 inde
500 1860 520 1902 a
551 1838 657 1922 primo
690 1834 905 1920 complectens
938 1833 1069 1899 adhibet
1100 1855 1172 1898 cum
1205 1833 1283 1898 dicit

132 1939 276 2007 Lucilim
292 1947 472 2026 satyrorum
490 1943 577 2029 libro,
592 1935 696 2009 ‘altero
714 1942 816 2008 libros
834 1939 1080 2007 XXVI-XXX
1099 1940 1282 2005 continente

132 2046 248 2131 utitur,
279 2069 352 2114 cum
386 2051 576 2135 simpliciter
604 2051 717 2117 scribit
743 2050 885 2116 Lucilius
912 2049 990 2115 libro
1018 2045 1181 2136 (Muelleri
1207 2046 1281 2112 edit.

131 2176 163 2238 p.
181 2152 316 2243 XVIII).
365 2155 487 2224 Tamen
519 2159 603 2224 sicut
635 2180 751 2243 corpus
778 2157 859 2223 illud
885 2157 1045 2243 posterius
1072 2154 1189 2221 Lucilii
1216 2175 1282 2219 non

132 2283 171 2326 ex
185 2260 216 2326 V
233 2261 326 2328 libris
346 2264 585 2330 continentibus
604 2269 739 2349 constat,
758 2265 814 2331 sed
830 2265 950 2330 librum
964 2260 1057 2327 XXX
1070 2263 1283 2348 μονόβυβλον

131 2389 200 2433 esse
237 2369 332 2435 multi
363 2370 513 2437 dixerunt
545 2369 639 2459 (conf
662 2372 703 2438 ad
731 2372 786 2437 lib.
814 2371 906 2436 XXX
935 2370 1106 2455 praefatio,
1142 2367 1281 2434 Schoen-

130 2475 263 2541 beckius
287 2478 372 2562 apud
396 2476 570 2564 Corpetum
593 2479 809 2564 edit.p.19I:
832 2476 980 2543 Muelleri
1003 2476 1077 2541 edit.
1096 2498 1127 2562 p.
1140 2474 1212 2564 IX),
1234 2476 1281 2541 ita

130 2580 231 2648 Nonii
258 2606 374 2670 corpus
401 2588 491 2672 prius
519 2587 619 2653 libros
645 2585 800 2652 I-XXV
828 2585 995 2651 continens
1023 2583 1173 2668 deinceps
1201 2583 1280 2647 diui-

130 2689 270 2757 dendum
298 2698 348 2758 cst
375 2694 410 2759 in
437 2695 500 2761 duo
528 2715 662 2780 corpora
687 2716 826 2780 quorum
847 2692 984 2758 alterum
1007 2691 1108 2757 libros
1131 2689 1279 2775 I-XXI,

130 2799 268 2864 alterum
295 2799 537 2868 XXH—XXV
570 2803 802 2887 complectitur.
861 2799 947 2866 Illud
975 2820 1090 2885 corpus
1121 2797 1278 2863 librorum

129 2903 207 2969 XXI
238 2905 387 2992 inprimis
418 2909 623 2975 lectitabatur
655 2911 758 2975 ueluti
792 2906 913 2974 Gellius
944 2909 1007 2973 hoc
1039 2928 1172 2991 corpore
1208 2908 1277 2970 solo

130 3012 178 3076 uti
218 3013 348 3080 uidetur
388 3037 461 3082 cum
501 3017 610 3083 laudet
654 3017 756 3082 libros
791 3014 923 3081 I-XX
969 3017 1056 3081 solos
1101 3016 1134 3079 et
1173 3011 1277 3077 Varro

128 3119 199 3203 ipse
226 3121 294 3186 sine
321 3123 420 3190 dubio
448 3123 533 3189 idem
564 3123 627 3189 hoc
659 3122 737 3188 dicit
769 3123 808 3187 de
834 3122 855 3186 l.
878 3122 913 3187 L.
937 3121 1029 3186 VII
1061 3117 1103 3184 ‘A
1136 3141 1199 3204 qua
1230 3120 1277 3185 bi-

129 3227 247 3310 pertita
283 3228 442 3296 diuisione
477 3230 620 3297 Lucilius
663 3252 794 3296 suorum
832 3232 929 3296 ouius
965 3234 994 3294 et
1028 3228 1145 3310 uiptuti
1179 3226 1276 3292 libro-

128 3356 200 3398 rum
226 3335 355 3402 initium
382 3337 460 3404 fecit
485 3338 559 3404 hoc'
587 3335 656 3425 (lib.
675 3336 692 3402 I
714 3361 744 3402 n.
771 3334 814 3423 1).
859 3335 925 3415 Vbi
948 3336 1120 3420 quominus
1143 3336 1277 3419 quiaque

128 3446 157 3505 et
186 3444 303 3525 otptuti
331 3466 403 3510 cum
430 3444 637 3511 Lachmanno
666 3445 844 3531 corrigatur
870 3443 1005 3528 impedit
1031 3442 1085 3507 uel
1112 3442 1158 3526 id,
1191 3442 1277 3527 quod

128 3569 202 3613 cum
220 3549 295 3616 libri
309 3550 387 3616 XXI
406 3575 517 3618 omnes
536 3553 710 3637 conscripti
729 3552 794 3617 sint
809 3551 938 3617 heroico
954 3553 1067 3633 metro,
1083 3548 1167 3614 libro
1182 3548 1276 3615 XXII

127 3656 298 3722 manifesto
326 3662 418 3723 erant
446 3681 559 3725 uersus
586 3660 728 3746 elegiaco
754 3661 856 3724 metro
880 3657 1064 3742 compositi:
1090 3657 1200 3741 itaque
1222 3657 1276 3722 uel

127 3765 231 3828 metro
253 3764 335 3829 liber
348 3764 442 3831 XXII
465 3770 497 3832 et
520 3771 689 3852 sequentes
708 3790 727 3832 a
744 3766 905 3851 prioribus
924 3767 1140 3831 secernuntur.
1182 3763 1275 3829 Prae

126 3872 214 3934 terea
241 3873 416 3938 secernitur
442 3875 563 3939 lacuna.
610 3872 727 3958 Neque
754 3875 839 3938 enim
869 3873 1038 3958 quisquam
1066 3871 1275 3937 arbitrabitur

126 3994 202 4041 casu
229 3999 298 4044 esse
324 3980 459 4064 factum,
487 3981 573 4065 quod
599 3981 675 4046 libri
702 3980 790 4046 illius
813 3978 891 4045 XXI
917 3978 1043 4046 nullum
1066 3978 1163 4045 hodie
1185 3981 1274 4043 extat

124 4082 358 4172 fragmentum,
394 4088 449 4153 sed
480 4088 566 4171 ideo,
600 4088 686 4174 quod
713 4088 748 4154 in
774 4088 838 4154 fine
866 4086 1009 4173 corporis
1036 4085 1124 4151 illius
1146 4085 1272 4170 positus

125 4194 194 4256 erat
220 4191 376 4258 librorum
400 4192 492 4278 XXI,
523 4197 579 4259 aut
605 4194 836 4282 neglegebatur
862 4193 917 4260 ille
944 4215 964 4258 a
991 4191 1208 4281 grammaticis
1235 4196 1273 4258 ut

125 4298 259 4364 ultimus
292 4301 436 4366 omnium
468 4323 545 4386 prae
576 4301 850 4385 antecedentibus,
882 4305 938 4366 aut
965 4300 1097 4367 omnino
1124 4298 1272 4384 perierat,

123 4404 171 4470 ita
197 4410 235 4470 ut
257 4408 421 4491 exemplar
443 4407 537 4492 illud,
564 4409 654 4473 cuius
677 4406 874 4494 apographis
897 4408 947 4473 usi
971 4411 1047 4471 sunt
1069 4406 1272 4494 grammatici
