3052 5024
243 305 304 365 LIV
681 307 958 360 PROLEGOMENA.

44 468 659 574 1,ἷξῇζζῑηζ’1113ξῇ1.1111111111.1111111).
675 467 691 533 Ι
704 491 733 533 u.
752 466 793 556 1).
830 466 944 553 Itaque
963 491 1000 533 ea
1019 467 1118 535 editio
1137 469 1223 536 11111
1241 471 1388 538 umbram

44 578 176 682 11Ἥῖ
186 578 230 618 ⁶¹¹⁸·
244 601 303 643 nos
336 578 371 643 in
401 576 590 664 fragmentis
622 575 812 663 colligendis
840 575 997 642 delineare
1025 597 1179 642 conamur
1206 579 1390 664 grammati-

244 707 354 751 corum
376 685 590 770 posteriorum
614 683 809 750 testimoniis
831 683 883 749 usi
905 683 1002 770 longe
1025 683 1151 750 diuersa
1178 688 1247 750 erat
1269 685 1309 750 ab
1333 685 1390 751 illa

244 813 340 876 quam
364 791 518 857 Varronis
541 795 653 857 auctor
676 791 837 877 adhibuit,
865 811 938 856 cum
962 790 1135 875 septenarii
1157 790 1192 858 in
1215 791 1348 857 111111
1371 816 1391 857 a

242 898 327 964 libro
355 896 465 963 XXVI
495 919 597 982 usque
629 898 668 962 ad
695 896 803 963 XXIX
830 898 1026 984 legerentur,
1060 902 1135 982 post
1166 894 1286 964 librum
1312 898 1390 964 XXI

243 1005 381 1071 disticha
412 1004 552 1092 elegiaca
583 1026 684 1090 usque
711 1006 752 1071 ad
777 1003 879 1069 XXV.
939 1003 1127 1088 Suspieetur
1158 1005 1274 1090 aliquis
1301 1006 1390 1072 illam

174 1105 175 1109 ’
243 1135 325 1198 quae
352 1112 437 1197 apud
461 1110 639 1177 Varronem
663 1112 849 1199 agnoscitur
870 1115 1012 1177 ueterem
1035 1111 1135 1177 fuisse
1158 1110 1261 1177 Vettii
1282 1112 1391 1178 Philo·

244 1219 342 1303 comi,
373 1219 458 1284 hanc
489 1220 656 1305 uulgarem
687 1217 810 1284 Valerii
843 1215 988 1284 Catonis:
1024 1219 1116 1284 euius
1150 1223 1258 1285 tamen
1289 1220 1392 1304 suspi-

245 1326 346 1393 cionis
378 1328 568 1412 argumenta
598 1325 736 1410 proferri
766 1346 832 1392 non
864 1328 1009 1410 possunt.
1055 1323 1118 1391 Sed
1151 1326 1297 1410 quisquis
1329 1326 1392 1391 fuit

243 1434 299 1499 ille
322 1431 561 1520 grammaticus,
585 1432 641 1517 qui
663 1454 732 1498 eam
757 1454 853 1517 quam
876 1433 1043 1518 uulgarem
1066 1431 1254 1516 posterioris
1277 1433 1391 1498 aetatis

245 1539 407 1605 ordinauit
430 1538 613 1624 editionem,
637 1543 772 1624 apparet
794 1561 867 1605 eum
891 1538 1087 1622 disposuisse
1109 1539 1251 1605 carmina
1278 1543 1392 1624 poetae

245 1647 418 1713 secundum
451 1649 603 1732 metrum,
635 1647 681 1712 ita
711 1650 749 1712 ut
779 1647 883 1732 prima
914 1667 988 1731 pars
1020 1644 1119 1711 heroo
1152 1669 1260 1730 uersu,
1292 1649 1393 1713 altera

245 1754 385 1840 elegiaco
421 1754 462 1819 sit
490 1754 683 1840 composita,
710 1754 806 1820 tertia
833 1753 1005 1819 maximam
1033 1757 1156 1839 partem
1184 1753 1300 1820 iambis
1328 1775 1391 1838 quo

245 1861 375 1926 nomine
398 1860 484 1946 apud
507 1859 656 1944 antiquos
680 1864 713 1925 et
736 1860 908 1945 septenarii
932 1863 1083 1945 poterant
1110 1861 1338 1945 comprehendi
1361 1866 1393 1927 et

245 1967 362 2034 senarii
395 1965 546 2055 (Aristot.
566 1968 647 2033 rhet.
665 1965 714 2032 111
735 1966 775 2031 17
803 1990 833 2052 p.
856 1966 967 2031 1418b
987 1964 1057 2054 30).
1117 1964 1271 2034 Solebant
1306 1968 1393 2033 enim

245 2079 369 2141 ueteres
396 2076 459 2141 hoo
486 2074 597 2139 ordine
625 2078 658 2139 et
682 2073 794 2141 afferre
817 2078 850 2139 et
872 2078 1010 2141 tractare
1031 2073 1111 2140 haee
1134 2073 1198 2139 tria
1219 2077 1392 2142 metrorum

246 2203 376 2269 genera,
403 2182 494 2247 ouius
522 2180 711 2267 disciplinae
738 2202 840 2266 pauca
868 2181 945 2247 satis
973 2181 1034 2247 erit
1061 2181 1173 2247 afferre
1200 2183 1392 2249 testimonia.

245 2289 400 2355 Horatius
419 2293 477 2354 art.
496 2292 580 2375 poet.
601 2288 651 2354 13.
672 2289 714 2355 74
737 2290 806 2375 agit
829 2289 868 2355 de
890 2311 1023 2354 numero
1042 2289 1238 2376 hexametro,
1262 2290 1393 2356 75-78

247 2397 285 2462 de
314 2395 451 2463 disticho
480 2397 634 2483 elegiaco,
661 2397 792 2461 79-82
820 2396 858 2461 de
887 2395 1003 2462 iambis
1026 2393 1224 2463 Archilochi.
1270 2396 1394 2475 Quinti-

245 2506 350 2570 lienus
368 2503 397 2568 X
419 2504 447 2589 1,
465 2501 596 2569 46-57
622 2503 739 2589 epicos,
768 2502 820 2569 58.
840 2503 883 2569 59
907 2503 1074 2591 elegiacos,
1101 2503 1144 2567 60
1162 2502 1393 2570 Archilochum

247 2610 420 2677 iambicum
438 2614 568 2696 poetam
586 2613 712 2695 tractat,
735 2610 844 2675 eadem
862 2610 987 2675 ratione
1004 2609 1090 2695 apud
1107 2609 1298 2677 Diomedem
1309 2609 1394 2677 GLI

246 2743 277 2805 p.
291 2718 367 2802 483,
387 2716 550 2802 27-485,
567 2718 607 2782 11
622 2717 654 2782 Κ
686 2738 755 2782 1111
788 2716 936 2802 deinceps
969 2716 1133 2802 excipiunt
1161 2740 1252 2803 epos,
1284 2717 1395 2805 elegia,

247 2825 381 2910 iambus,
401 2823 552 2890 metricus
567 2822 687 2890 eLVI
705 2848 735 2909 1.
751 2823 826 2908 312,
841 2823 902 2889 ἸΚ
920 2828 1086 2890 enumerat
1103 2826 1248 2910 poeticae
1261 2825 1395 2892 Latinae

247 2953 365 3020 genera
382 2933 462 2998 haec
480 2931 570 3017 ‘epos
590 2933 658 2997 siue
673 2931 876 3016 dactylicum,
894 2931 1103 3018 epigramma,
1121 2932 1270 2998 iambica’
1285 2956 1310 2997 1.
1322 2957 1350 3019 q.
1363 2956 1396 3018 1.,

247 3043 317 3106 tum
332 3035 496 3105 Ausonius
515 3043 612 3124 poeta
629 3038 797 3124 paululum
816 3039 1040 3104 tantummodo
1055 3038 1198 3105 ordinem
1212 3039 1395 3127 legitimum

248 3147 387 3213 mutauit
410 3146 444 3212 in
467 3145 606 3232 epistola
628 3146 668 3210 ad
691 3145 827 3211 Paulum
846 3170 877 3231 p.
894 3146 968 3231 169,
982 3144 1024 3210 37
1044 3143 1194 3212 Schenkl.
1216 3170 1247 3231 p.
1262 3146 1339 3231 230,
1351 3148 1393 3213 37

247 3254 374 3340 Peiperi
398 3253 585 3339 ‘dactylicos
609 3256 716 3340 elegos
739 3252 960 3319 choriambum
985 3275 1120 3337 carmen,
1148 3253 1282 3338 epodos,
1310 3255 1396 3321 socci

248 3366 281 3427 et
303 3363 429 3427 coturni
453 3361 609 3428 musicam
633 3361 793 3446 carpentis
816 3360 947 3446 impone
970 3360 1054 3426 tuis’.
1101 3360 1233 3427 Proclus
1259 3361 1396 3446 denique

249 3469 283 3533 11
306 3468 556 3534 chrestomathia
578 3469 664 3554 apud
682 3467 835 3533 Photium
859 3466 946 3552 bybl.
965 3492 995 3553 p.
1011 3467 1202 3532 31917-1)
1218 3468 1258 3533 31
1285 3468 1396 3534 eodem

249 3575 360 3642 ordine
387 3598 464 3642 usus
488 3577 629 3661 primum
653 3575 691 3641 de
715 3576 805 3661 spica
827 3575 932 3660 poesi,
959 3574 1098 3640 secundo
1121 3576 1194 3641 loco
1218 3574 1256 3640 de
1280 3578 1397 3662 elegea,

248 3685 345 3749 tertio
365 3683 458 3750 docet
476 3684 515 3749 de
534 3684 650 3748 iambo.
682 3680 974 3748 Alexandrinorum
993 3682 1277 3769 grammaticorum
1292 3683 1398 3749 studia

250 3792 283 3855 in
301 3791 363 3856 hac
381 3791 570 3876 disponendi
589 3790 713 3855 ratione
732 3788 863 3876 agnosci
882 3792 1130 3856 consentaneum
1148 3793 1209 3856 est:
1227 3794 1397 3875 poctarum

248 3895 540 3964 Alexandrinorum
568 3897 713 3962 imitator
739 3897 888 3981 princeps
911 3895 1059 3963 Valerius
1091 3896 1170 3963 (lato
1199 3898 1277 3983 quin
1302 3897 1397 3962 istam

248 4005 330 4070 bene
347 4003 476 4070 nouerit
493 4003 661 4088 rationem,
679 4024 773 4068 nemo
791 4005 911 4088 poterit
930 4004 1085 4070 dubitare.
1121 4004 1228 4070 Huius
1247 4004 1398 4070 editionis

249 4136 350 4179 unum
378 4113 540 4196 exemplar
566 4115 711 4197 tempore
735 4111 963 4197 imperatorum
987 4111 1108 4179 factum
1133 4116 1182 4177 est
1205 4112 1398 4198 archetypus

249 4243 360 4287 eorum
398 4219 628 4304 exemplarium
666 4241 747 4303 quae
777 4243 796 4284 a
827 4219 929 4284 doctis
962 4218 1064 4285 ueluti
1097 4242 1116 4284 a
1146 4217 1255 4285 Nonio
1288 4218 1399 4284 eiusue

250 4332 378 4394 auctore
401 4326 592 4414 legebantur
612 4326 764 4392 omnium.
805 4326 885 4392 Erat
903 4327 1002 4393 editio
1021 4326 1192 4413 tripertita,
1215 4326 1306 4392 cuius
1324 4349 1399 4412 pars

249 4435 355 4526 prima
376 4439 509 4523 propter
532 4434 740 4522 archetypum
760 4434 794 4502 in
812 4434 876 4502 fiue
895 4433 1081 4502 mutilatum
1098 4433 1324 4504 tantummodo
1338 4433 1399 4501 XX
