3052 5024
214 327 288 381 LXII
318 279 325 294 ·
649 323 928 378 PROLEGOMENA.

214 490 349 556 steinius
372 487 415 554 M.
430 488 597 554 Terentius
620 486 724 552 Varro
748 486 814 551 und
832 485 996 553 lohannes
1015 483 1190 570 Mauropus
1213 483 1360 551 1111111-

214 597 320 662 1111111
337 596 467 680 Lipsiae
487 594 581 679 1901,
599 593 756 660 nonnulla
777 615 837 659 nos
861 615 958 678 supra
979 592 1206 677 proposuimus
1224 615 1256 678 p.
1274 591 1359 658 LHI.

214 701 306 768 LVH
324 702 442 768 Lucilii
461 724 573 768 uersus
592 703 712 788 passim
727 701 761 766 in
779 700 871 766 libris
891 701 930 766 de
948 701 1061 787 lingua
1074 699 1190 765 Latina
1207 700 1360 786 leguntur

216 832 296 895 quos
310 831 377 875 non
392 831 409 874 1
423 812 519 895 poeta
538 810 618 895 ipso,
641 809 697 874 sed
715 830 755 873 ex
774 805 910 872 aliorum
929 807 1058 892 scriptis
1077 807 1360 894 grammaticorum

216 918 354 1003 sumpsit
385 916 487 983 ueluti
520 916 630 980 incert.
663 938 692 979 u.
723 912 808 979 1153
841 914 880 979 de
909 914 987 1001 ling.
1009 913 1079 978 Lat.
1102 912 1148 978 IX
1172 912 1223 978 81.
1278 912 1361 980 Item

215 1045 442 1109 saepenumero
461 1021 579 1089 Lucilii
601 1043 713 1088 uersus
737 1019 889 1087 attulerat
912 1021 947 1085 in
969 1020 1061 1086 libris
1082 1021 1121 1086 de
1139 1041 1285 1087 sermone
1302 1020 1362 1086 La·

8 1151 87 1215 vestm,
116 1151 202 1199 aava
214 1133 284 1197 tino
308 1130 348 1196 ad
370 1129 558 1196 Marcellum
581 1129 662 1213 aliis,
685 1128 803 1213 quibus
825 1128 877 1193 usi
899 1132 976 1193 sunt
993 1127 1126 1194 Verrius
1147 1127 1279 1194 Flaccus
1298 1127 1362 1192 Pli-

4 1204 200 1299 Tiismriiisiiii'
214 1239 287 1303 nius
316 1235 480 1304 Secundus
508 1235 622 1302 Velius
648 1235 781 1322 Longus
812 1233 980 1300 Terentius
1013 1233 1151 1301 Scaurus
1182 1234 1362 1300 Martianus

62 1312 148 1362 omna
216 1343 347 1431 Capella
369 1343 437 1409 alii:
461 1365 598 1428 quorum
622 1342 661 1407 de
684 1342 808 1428 origine
831 1362 990 1426 quaerere,
1013 1343 1059 1406 ita
1081 1345 1118 1406 ut
1135 1340 1292 1407 Varronis
1315 1342 1362 1407 in·

215 1452 331 1538 degere
355 1451 540 1517 studeamus
563 1454 619 1514 aut
641 1451 787 1514 auctores
810 1452 866 1514 aut
888 1448 1053 1534 propriam
1070 1448 1198 1514 laudem
1216 1452 1361 1514 nostrum

214 1559 269 1624 hio
290 1581 358 1623 non
380 1562 437 1624 est.
474 1556 646 1623 Proximus
665 1556 720 1640 qui
739 1559 894 1621 tractetur
912 1555 1142 1644 grammaticus
1161 1560 1209 1621 111
1227 1553 1270 1620 M.
1284 1554 1362 1620 Ver-

215 1666 282 1731 rius
300 1664 434 1732 Flaccus
458 1665 548 1730 ouius
572 1664 805 1749 amplissimum
829 1685 910 1749 opus
931 1663 970 1728 de
989 1662 1160 1729 uerborum
1179 1662 1363 1749 significatu

64 1812 95 1850 aa
165 1819 202 1850 11
216 1774 250 1844 iu
272 1771 377 1839 lacera
396 1771 467 1839 Sex.
485 1770 620 1856 Pompei
638 1770 726 1836 Festi
747 1771 888 1855 epitoma
910 1775 942 1837 et
965 1772 1091 1858 integra
1112 1769 1200 1836 Festi
1222 1771 1364 1855 epitoma

216 1902 234 1944 1
261 1878 362 1946 Paulo
391 1879 539 1946 confecta
566 1879 605 1944 ad
632 1881 779 1944 nostrum
806 1879 955 1964 peruenit
981 1878 1152 1944 saeculum.
1202 1875 1265 1954 Qui
1292 1898 1363 1962 par-

216 1986 336 2053 multos
368 1987 554 2052 testimonio
586 1985 798 2070 adscripscrat
829 1985 947 2052 Lucilii
979 2006 1099 2050 uersus.
1152 1981 1215 2050 Sed
1246 1983 1363 2049 Lucilii

216 2094 379 2178 exemplar
397 2091 548 2158 Verrium
572 2094 678 2178 ipsum
701 2091 817 2158 adiisse
841 2093 868 2158 si
892 2093 1019 2176 quaeris
1041 2093 1174 2158 minime
1196 2091 1363 2177 probabile

123 2193 126 2202 ’
217 2204 266 2266 111
284 2199 365 2284 ideo,
385 2199 472 2284 quod
485 2199 584 2264 Ennii
603 2198 766 2264 annalium
780 2199 923 2265 Lucretii
937 2197 1068 2265 01111111
1087 2199 1249 2286 originum
1262 2197 1364 2264 libros

216 2308 360 2394 singulos
378 2328 512 2372 numero
530 2305 606 2371 libri
625 2306 748 2371 adiecto
767 2306 952 2390 saepissime
968 2306 1150 2372 nominauit
1164 2306 1228 2391 ille,
1246 2305 1364 2371 Lucilii

214 2414 315 2480 libros
347 2435 524 2498 numquam
555 2435 689 2479 numero
722 2413 843 2500 signari
879 2415 992 2480 uoluit.
1047 2411 1167 2479 Contra
1202 2413 1364 2498 permulta

215 2521 332 2587 Lucilii
350 2523 532 2608 fragmenta
549 2522 635 2606 apud
648 2520 800 2586 Verrium
820 2520 957 2586 aliorum
975 2519 1068 2586 libris
1086 2521 1243 2587 debentur
1260 2520 1364 2585 ueluti

216 2626 321 2693 Sinnii
353 2626 519 2712 Capitonis
546 2628 630 2694 libro
663 2628 702 2692 de
731 2626 911 2712 prouerbiis
943 2626 1115 2715 (incerta.
1137 2625 1363 2715 12201223),

215 2734 370 2800 Varronis
397 2735 488 2800 libris
519 2732 932 2822 (1111111.1.1260.1287,
963 2733 1207 2801 Reitzensteinii
1239 2734 1364 2801 (1111111.

215 2841 293 2925 phil.
311 2841 441 2907 Vratisl.
460 2841 517 2909 14
535 2864 566 2927 p.
584 2840 652 2928 23).
702 2839 770 2906 Alii
797 2862 910 2907 uersus
943 2864 960 2907 1
991 2843 1228 2909 commentariis
1255 2841 1364 2907 Plauti

214 2947 332 3014 Naeuii
354 2948 453 3014 Ennii
478 2946 609 3014 Gelonis
640 2953 731 3015 erant
758 2950 923 3035 exscripti,
951 2971 1032 3034 quos
1060 2951 1114 3016 uel
1136 2949 1205 3035 ipss
1228 2948 1363 3014 Verrius

215 3056 267 3120 uel
290 3056 359 3122 eius
382 3056 467 3122 serui
488 3055 624 3121 litterati
645 3056 797 3121 adierant.
835 3052 1071 3141 Saepenumero
1090 3058 1177 3123 euim
1195 3056 1363 3122 inueniun-

214 3165 269 3228 tur
287 3164 412 3248 glossas
430 3163 491 3229 hac
509 3163 634 3228 ratione
654 3167 826 3247 enarratae,
848 3168 885 3229 ut
903 3164 1010 3248 priore
1027 3165 1100 3230 loco
1123 3164 1302 3249 adscriptus
1321 3165 1364 3229 sit

215 3268 314 3336 Ennii
342 3269 448 3336 Plauti
475 3268 588 3336 Titinii
616 3268 746 3336 Catonis
773 3269 878 3354 loeus,
912 3274 1065 3355 sequatur
1095 3293 1208 3338 uersus
1237 3271 1363 3355 Lucilii,

217 3375 318 3441 ueluti
340 3377 375 3441 in
397 3377 536 3442 secunda
559 3400 639 3462 quae
663 3378 781 3444 dicitur
803 3382 894 3462 parte
917 3377 1044 3444 litterae
1066 3401 1099 3443 m
1142 3379 1147 3391 '

304 3506 334 3568 p.
355 3482 429 3568 161,
448 3484 468 3548 8
492 3482 555 3550 ‘ms
577 3507 636 3569 pro
660 3485 740 3550 mihi
763 3484 913 3551 dicebant
935 3485 1059 3570 antiqui
1082 3490 1119 3551 ut
1142 3485 1268 3551 Ennius
1290 3507 1363 3551 cum

216 3588 341 3655 111111
360 3590 412 3655 “si
432 3591 509 3674 quid
527 3613 579 3659 me
599 3592 912 3676 111111111111111111,
935 3596 972 3657 ut
989 3593 1148 3658 teneatis''
1169 3596 1202 3658 et
1218 3592 1363 3659 Lucilius

217 3696 326 3763 “nune
347 3696 389 3762 ad
411 3700 444 3764 to
466 3698 561 3764 redeo
585 3702 619 3765 et
641 3721 722 3784 quae
745 3721 796 3765 res
814 3722 865 3765 me
884 3699 1048 3785 impendet
1066 3699 1226 3787 agatur''.'
1262 3699 1308 3766 111
1330 3701 1365 3765 in

216 3803 355 3870 secunda
377 3808 468 3890 parte
489 3805 617 3872 litterae
639 3829 675 3891 p:

303 3935 334 3997 p.
354 3911 429 3997 249,
449 3912 490 3978 18
514 3912 626 3999 ‘puelli
648 3935 706 3999 per
729 3913 981 3981 deminutionem
1005 3936 1024 3979 1
1046 3914 1155 4000 pueris
1178 3913 1257 3980 dicti
1280 3919 1363 3980 sunt.

215 4019 324 4104 itaque
343 4024 375 4086 11
388 4019 513 4086 Ennius
537 4021 582 4087 ait
597 4020 723 4087 “Poeni
747 4021 835 4086 soliti
857 4043 933 4088 suos
956 4022 1134 4087 sacrificare
1157 4020 1306 4108 puellos”
1332 4026 1364 4086 et

214 4126 357 4193 Lucilius
372 4127 535 4212 “eumque
549 4128 683 4193 hictum
699 4127 860 4193 formosus
869 4129 967 4194 homo
982 4151 1020 4196 ac
1033 4132 1066 4194 te
1081 4129 1198 4216 dignus
1210 4127 1362 4212 puellns''

215 4236 247 4297 11
273 4232 408 4300 Plautus
437 4233 540 4300 “olim
567 4234 644 4300 huic
670 4233 780 4319 puello
809 4256 878 4302 sese
900 4258 1019 4302 uenum
1048 4235 1203 4303 ducier''.'
1253 4234 1298 4300 111
1329 4235 1364 4300 in

214 4339 320 4424 priore
342 4345 434 4425 parte
456 4341 599 4408 eiusdem
621 4341 760 4407 litterae:

303 4447 489 4533 121018
514 4447 621 4534 ‘pedes
645 4452 752 4514 autem
775 4469 834 4533 pro
857 4449 1014 4535 pediculis
1041 4449 1365 4517 111Ρ111111111111
