<?xml version="1.0" encoding="UTF-8"?>
<!DOCTYPE html PUBLIC "-//W3C//DTD XHTML 1.0 Transitional//EN"
    "http://www.w3.org/TR/xhtml1/DTD/xhtml1-transitional.dtd">
<html xmlns="http://www.w3.org/1999/xhtml" xml:lang="en" lang="en">
 <head>
  <title>
</title>
<meta http-equiv="Content-Type" content="text/html;charset=utf-8" />
  <meta name='ocr-system' content='tesseract 3.04.00' />
  <meta name='ocr-capabilities' content='ocr_page ocr_carea ocr_par ocr_line ocrx_word'/>
</head>
<body>
  <div class='ocr_page' id='page_1' title='image "./cluciliicarminu01lucigoog_0117.png"; bbox 0 0 3082 5018; ppageno 0'>
   <div class='ocr_carea' id='block_1_1' title="bbox 224 305 941 361">
    <p class='ocr_par' dir='ltr' id='par_1_1' title="bbox 224 305 941 361">
     <span class='ocr_line' id='line_1_1' title="bbox 224 305 941 361; baseline 0.001 -1"><span class='ocrx_word' id='word_1_1' title='bbox 224 305 296 360; x_wconf 81' lang='lat' dir='ltr'>CXII</span> <span class='ocrx_word' id='word_1_2' title='bbox 663 308 941 361; x_wconf 79' lang='lat' dir='ltr'><strong>PROLEGOMENA.</strong></span> 
     </span>
    </p>
   </div>
   <div class='ocr_carea' id='block_1_2' title="bbox 14 467 1423 4503">
    <p class='ocr_par' dir='ltr' id='par_1_2' title="bbox 14 467 1376 2371">
     <span class='ocr_line' id='line_1_2' title="bbox 225 467 1370 554; baseline -0.001 -20"><span class='ocrx_word' id='word_1_3' title='bbox 225 468 338 534; x_wconf 89' lang='lat' dir='ltr'><strong>deinde</strong></span> <span class='ocrx_word' id='word_1_4' title='bbox 352 469 477 553; x_wconf 87' lang='lat' dir='ltr'><strong>senarii,</strong></span> <span class='ocrx_word' id='word_1_5' title='bbox 496 469 591 534; x_wconf 89' lang='lat' dir='ltr'><strong>tertio</strong></span> <span class='ocrx_word' id='word_1_6' title='bbox 610 469 682 537; x_wconf 90' lang='lat' dir='ltr'><strong>loco</strong></span> <span class='ocrx_word' id='word_1_7' title='bbox 696 471 882 553; x_wconf 76' lang='lat' dir='ltr'><strong>hexametri,</strong></span> <span class='ocrx_word' id='word_1_8' title='bbox 901 471 935 534; x_wconf 92' lang='lat' dir='ltr'><strong>in</strong></span> <span class='ocrx_word' id='word_1_9' title='bbox 948 467 1055 534; x_wconf 87' lang='lat' dir='ltr'>XXIX</span> <span class='ocrx_word' id='word_1_10' title='bbox 1070 473 1184 553; x_wconf 89' lang='lat' dir='ltr'><strong>quarto</strong></span> <span class='ocrx_word' id='word_1_11' title='bbox 1199 470 1370 554; x_wconf 75' lang='lat' dir='ltr'>septenarii</span> 
     </span>
     <span class='ocr_line' id='line_1_3' title="bbox 199 575 1370 663; baseline -0.001 -23"><span class='ocrx_word' id='word_1_12' title='bbox 199 607 201 613; x_wconf 30' lang='lat' dir='ltr'><strong>r</strong></span> <span class='ocrx_word' id='word_1_13' title='bbox 225 576 338 661; x_wconf 92' lang='lat' dir='ltr'><strong>quinto</strong></span> <span class='ocrx_word' id='word_1_14' title='bbox 361 575 395 641; x_wconf 89' lang='lat' dir='ltr'><strong>id</strong></span> <span class='ocrx_word' id='word_1_15' title='bbox 418 580 467 640; x_wconf 90' lang='lat' dir='ltr'><strong>est</strong></span> <span class='ocrx_word' id='word_1_16' title='bbox 489 576 605 642; x_wconf 91' lang='lat' dir='ltr'><strong>ultimo</strong></span> <span class='ocrx_word' id='word_1_17' title='bbox 629 578 745 643; x_wconf 91' lang='lat' dir='ltr'><strong>senarii</strong></span> <span class='ocrx_word' id='word_1_18' title='bbox 767 577 867 663; x_wconf 92' lang='lat' dir='ltr'><strong>positi</strong></span> <span class='ocrx_word' id='word_1_19' title='bbox 890 577 1022 641; x_wconf 88' lang='lat' dir='ltr'><strong>fuerint:</strong></span> <span class='ocrx_word' id='word_1_20' title='bbox 1046 576 1211 660; x_wconf 86' lang='lat' dir='ltr'><strong>excipiunt</strong></span> <span class='ocrx_word' id='word_1_21' title='bbox 1233 575 1370 659; x_wconf 88' lang='lat' dir='ltr'><strong>denique</strong></span> 
     </span>
     <span class='ocr_line' id='line_1_4' title="bbox 225 681 1370 771; baseline -0.002 -24"><span class='ocrx_word' id='word_1_22' title='bbox 225 683 366 747; x_wconf 88' lang='lat' dir='ltr'><strong>senarios</strong></span> <span class='ocrx_word' id='word_1_23' title='bbox 393 683 446 748; x_wconf 89' lang='lat' dir='ltr'><strong>lib.</strong></span> <span class='ocrx_word' id='word_1_24' title='bbox 466 683 573 748; x_wconf 90' lang='lat' dir='ltr'>XXIX</span> <span class='ocrx_word' id='word_1_25' title='bbox 602 685 712 750; x_wconf 92' lang='lat' dir='ltr'><strong>ordine</strong></span> <span class='ocrx_word' id='word_1_26' title='bbox 735 684 881 771; x_wconf 81' lang='lat' dir='ltr'><strong>legitimo</strong></span> <span class='ocrx_word' id='word_1_27' title='bbox 904 683 1081 748; x_wconf 75' lang='lat' dir='ltr'><strong>hexametri</strong></span> <span class='ocrx_word' id='word_1_28' title='bbox 1103 681 1158 746; x_wconf 94' lang='lat' dir='ltr'><strong>lib.</strong></span> <span class='ocrx_word' id='word_1_29' title='bbox 1176 681 1276 747; x_wconf 93' lang='lat' dir='ltr'>XXX.</span> <span class='ocrx_word' id='word_1_30' title='bbox 1322 681 1370 746; x_wconf 89' lang='lat' dir='ltr'><strong>De</strong></span> 
     </span>
     <span class='ocr_line' id='line_1_5' title="bbox 14 787 1371 892; baseline 0.001 -40"><span class='ocrx_word' id='word_1_31' title='bbox 14 792 43 884; x_wconf 61' lang='lat' dir='ltr'><strong>ff</strong></span> <span class='ocrx_word' id='word_1_32' title='bbox 52 789 214 892; x_wconf 42' lang='grc' dir='ltr'><strong>(ζῆῇξνζῇῖ</strong></span> <span class='ocrx_word' id='word_1_33' title='bbox 226 787 302 853; x_wconf 85' lang='lat' dir='ltr'><strong>libri</strong></span> <span class='ocrx_word' id='word_1_34' title='bbox 311 787 436 854; x_wconf 84' lang='lat' dir='ltr'>XXVII</span> <span class='ocrx_word' id='word_1_35' title='bbox 446 795 634 877; x_wconf 82' lang='lat' dir='ltr'><strong>argumento</strong></span> <span class='ocrx_word' id='word_1_36' title='bbox 648 792 789 856; x_wconf 88' lang='lat' dir='ltr'><strong>breuiter</strong></span> <span class='ocrx_word' id='word_1_37' title='bbox 803 790 1047 876; x_wconf 66' lang='lat' dir='ltr'><strong>disputabimus,</strong></span> <span class='ocrx_word' id='word_1_38' title='bbox 1061 811 1124 874; x_wconf 89' lang='lat' dir='ltr'><strong>qua</strong></span> <span class='ocrx_word' id='word_1_39' title='bbox 1137 790 1171 854; x_wconf 90' lang='lat' dir='ltr'><strong>in</strong></span> <span class='ocrx_word' id='word_1_40' title='bbox 1186 789 1371 874; x_wconf 73' lang='lat' dir='ltr'><strong>quaestione</strong></span> 
     </span>
     <span class='ocr_line' id='line_1_6' title="bbox 78 894 1372 984; baseline 0.001 -25"><span class='ocrx_word' id='word_1_41' title='bbox 78 898 154 937; x_wconf 60' lang='lat' dir='ltr'><strong>&#39;⁶0⁷¹&#39;st</strong></span> <span class='ocrx_word' id='word_1_42' title='bbox 224 894 310 959; x_wconf 90' lang='lat' dir='ltr'><strong>nihil</strong></span> <span class='ocrx_word' id='word_1_43' title='bbox 323 901 502 961; x_wconf 88' lang='lat' dir='ltr'><strong>memoratu</strong></span> <span class='ocrx_word' id='word_1_44' title='bbox 518 901 567 961; x_wconf 90' lang='lat' dir='ltr'><strong>est</strong></span> <span class='ocrx_word' id='word_1_45' title='bbox 581 897 723 984; x_wconf 78' lang='lat' dir='ltr'><strong>dignum,</strong></span> <span class='ocrx_word' id='word_1_46' title='bbox 741 897 805 962; x_wconf 91' lang='lat' dir='ltr'><strong>nisi</strong></span> <span class='ocrx_word' id='word_1_47' title='bbox 822 897 907 981; x_wconf 93' lang='lat' dir='ltr'><strong>quod</strong></span> <span class='ocrx_word' id='word_1_48' title='bbox 922 897 1032 962; x_wconf 90' lang='lat' dir='ltr'><strong>ordine</strong></span> <span class='ocrx_word' id='word_1_49' title='bbox 1046 919 1100 961; x_wconf 90' lang='lat' dir='ltr'><strong>a—</strong></span> <span class='ocrx_word' id='word_1_50' title='bbox 1115 897 1206 960; x_wconf 89' lang='lat' dir='ltr'><strong>-b-</strong></span> <span class='ocrx_word' id='word_1_51' title='bbox 1217 917 1306 961; x_wconf 90' lang='lat' dir='ltr'><strong>—c—</strong></span> <span class='ocrx_word' id='word_1_52' title='bbox 1316 896 1372 960; x_wconf 95' lang='lat' dir='ltr'><strong>-d</strong></span> 
     </span>
     <span class='ocr_line' id='line_1_7' title="bbox 224 1001 1372 1089; baseline 0.001 -24"><span class='ocrx_word' id='word_1_53' title='bbox 224 1001 441 1088; x_wconf 77' lang='lat' dir='ltr'><strong>fragmentum</strong></span> <span class='ocrx_word' id='word_1_54' title='bbox 468 1002 549 1069; x_wconf 91' lang='lat' dir='ltr'><strong>illud</strong></span> <span class='ocrx_word' id='word_1_55' title='bbox 578 1026 642 1088; x_wconf 93' lang='lat' dir='ltr'><strong>quo</strong></span> <span class='ocrx_word' id='word_1_56' title='bbox 665 1003 818 1069; x_wconf 90' lang='lat' dir='ltr'><strong>Publium</strong></span> <span class='ocrx_word' id='word_1_57' title='bbox 842 1005 882 1069; x_wconf 90' lang='lat' dir='ltr'><strong>ad</strong></span> <span class='ocrx_word' id='word_1_58' title='bbox 905 1025 1000 1089; x_wconf 89' lang='lat' dir='ltr'><strong>quem</strong></span> <span class='ocrx_word' id='word_1_59' title='bbox 1023 1002 1143 1068; x_wconf 91' lang='lat' dir='ltr'><strong>librum</strong></span> <span class='ocrx_word' id='word_1_60' title='bbox 1165 1025 1259 1068; x_wconf 88' lang='lat' dir='ltr'><strong>suum</strong></span> <span class='ocrx_word' id='word_1_61' title='bbox 1282 1004 1372 1067; x_wconf 83' lang='lat' dir='ltr'><strong>misit</strong></span> 
     </span>
     <span class='ocr_line' id='line_1_8' title="bbox 225 1107 1372 1198; baseline 0 -25"><span class='ocrx_word' id='word_1_62' title='bbox 225 1108 265 1173; x_wconf 88' lang='lat' dir='ltr'><strong>ad</strong></span> <span class='ocrx_word' id='word_1_63' title='bbox 294 1108 489 1194; x_wconf 91' lang='lat' dir='ltr'><strong>principium</strong></span> <span class='ocrx_word' id='word_1_64' title='bbox 517 1109 594 1176; x_wconf 89' lang='lat' dir='ltr'><strong>libri</strong></span> <span class='ocrx_word' id='word_1_65' title='bbox 621 1112 783 1198; x_wconf 82' lang='lat' dir='ltr'><strong>relegatur</strong></span> <span class='ocrx_word' id='word_1_66' title='bbox 810 1116 852 1191; x_wconf 87' lang='lat' dir='ltr'><strong>(u.</strong></span> <span class='ocrx_word' id='word_1_67' title='bbox 873 1110 936 1176; x_wconf 88' lang='grc'><strong>688</strong></span> <span class='ocrx_word' id='word_1_68' title='bbox 948 1108 1035 1198; x_wconf 87' lang='lat' dir='ltr'><strong>seq).</strong></span> <span class='ocrx_word' id='word_1_69' title='bbox 1082 1109 1130 1175; x_wconf 87' lang='lat' dir='ltr'><strong>De</strong></span> <span class='ocrx_word' id='word_1_70' title='bbox 1161 1109 1245 1175; x_wconf 92' lang='lat' dir='ltr'><strong>libro</strong></span> <span class='ocrx_word' id='word_1_71' title='bbox 1263 1107 1372 1173; x_wconf 90' lang='lat' dir='ltr'>XXVI</span> 
     </span>
     <span class='ocr_line' id='line_1_9' title="bbox 225 1214 1372 1302; baseline 0.001 -23"><span class='ocrx_word' id='word_1_72' title='bbox 225 1214 318 1300; x_wconf 88' lang='lat' dir='ltr'><strong>plura</strong></span> <span class='ocrx_word' id='word_1_73' title='bbox 341 1220 416 1281; x_wconf 92' lang='lat' dir='ltr'><strong>sunt</strong></span> <span class='ocrx_word' id='word_1_74' title='bbox 439 1239 519 1300; x_wconf 87' lang='lat' dir='ltr'><strong>quae</strong></span> <span class='ocrx_word' id='word_1_75' title='bbox 541 1217 657 1282; x_wconf 88' lang='lat' dir='ltr'><strong>merito</strong></span> <span class='ocrx_word' id='word_1_76' title='bbox 676 1218 845 1283; x_wconf 86' lang='lat' dir='ltr'><strong>uideantur</strong></span> <span class='ocrx_word' id='word_1_77' title='bbox 862 1217 1029 1283; x_wconf 66' lang='lat' dir='ltr'><strong>tractama</strong></span> <span class='ocrx_word' id='word_1_78' title='bbox 1046 1216 1201 1302; x_wconf 89' lang='lat' dir='ltr'><strong>pluribus.</strong></span> <span class='ocrx_word' id='word_1_79' title='bbox 1248 1215 1319 1292; x_wconf 84' lang='lat' dir='ltr'><strong>Quo</strong></span> <span class='ocrx_word' id='word_1_80' title='bbox 1338 1216 1372 1279; x_wconf 92' lang='lat' dir='ltr'><strong>in</strong></span> 
     </span>
     <span class='ocr_line' id='line_1_10' title="bbox 224 1320 1372 1410; baseline 0.001 -25"><span class='ocrx_word' id='word_1_81' title='bbox 224 1320 309 1386; x_wconf 91' lang='lat' dir='ltr'><strong>libro</strong></span> <span class='ocrx_word' id='word_1_82' title='bbox 341 1326 405 1387; x_wconf 89' lang='lat' dir='ltr'><strong>tres</strong></span> <span class='ocrx_word' id='word_1_83' title='bbox 437 1322 531 1388; x_wconf 87' lang='lat' dir='ltr'><strong>facile</strong></span> <span class='ocrx_word' id='word_1_84' title='bbox 559 1330 777 1410; x_wconf 81' lang='lat' dir='ltr'><strong>agnoscuntur</strong></span> <span class='ocrx_word' id='word_1_85' title='bbox 805 1329 942 1390; x_wconf 86' lang='lat' dir='ltr'><strong>saturae:</strong></span> <span class='ocrx_word' id='word_1_86' title='bbox 969 1323 985 1388; x_wconf 95' lang='grc' dir='ltr'>Ι</span> <span class='ocrx_word' id='word_1_87' title='bbox 1009 1323 1048 1389; x_wconf 89' lang='lat' dir='ltr'><strong>de</strong></span> <span class='ocrx_word' id='word_1_88' title='bbox 1075 1323 1166 1408; x_wconf 92' lang='lat' dir='ltr'><strong>poesi</strong></span> <span class='ocrx_word' id='word_1_89' title='bbox 1194 1327 1372 1388; x_wconf 87' lang='lat' dir='ltr'><strong>saturarum</strong></span> 
     </span>
     <span class='ocr_line' id='line_1_11' title="bbox 227 1426 1373 1516; baseline 0.001 -25"><span class='ocrx_word' id='word_1_90' title='bbox 227 1428 270 1511; x_wconf 79' lang='grc' dir='ltr'>(ιι.</span> <span class='ocrx_word' id='word_1_91' title='bbox 286 1426 349 1493; x_wconf 87' lang='grc'><strong>651</strong></span> <span class='ocrx_word' id='word_1_92' title='bbox 362 1426 463 1515; x_wconf 85' lang='lat' dir='ltr'><strong>seqq.)</strong></span> <span class='ocrx_word' id='word_1_93' title='bbox 487 1427 519 1493; x_wconf 94' lang='grc' dir='ltr'>Π</span> <span class='ocrx_word' id='word_1_94' title='bbox 533 1430 572 1494; x_wconf 90' lang='lat' dir='ltr'><strong>de</strong></span> <span class='ocrx_word' id='word_1_95' title='bbox 585 1435 699 1515; x_wconf 88' lang='lat' dir='ltr'><strong>poetae</strong></span> <span class='ocrx_word' id='word_1_96' title='bbox 718 1432 805 1496; x_wconf 89' lang='lat' dir='ltr'><strong>uitae</strong></span> <span class='ocrx_word' id='word_1_97' title='bbox 818 1431 997 1496; x_wconf 88' lang='lat' dir='ltr'><strong>rationibus</strong></span> <span class='ocrx_word' id='word_1_98' title='bbox 1013 1427 1056 1516; x_wconf 85' lang='lat' dir='ltr'><strong>(u.</strong></span> <span class='ocrx_word' id='word_1_99' title='bbox 1072 1429 1137 1494; x_wconf 90' lang='grc'><strong>669</strong></span> <span class='ocrx_word' id='word_1_100' title='bbox 1148 1427 1250 1516; x_wconf 87' lang='lat' dir='ltr'><strong>seqq.)</strong></span> <span class='ocrx_word' id='word_1_101' title='bbox 1273 1427 1321 1494; x_wconf 92' lang='lat' dir='ltr'><strong>III</strong></span> <span class='ocrx_word' id='word_1_102' title='bbox 1335 1430 1373 1492; x_wconf 91' lang='lat' dir='ltr'><strong>de</strong></span> 
     </span>
     <span class='ocr_line' id='line_1_12' title="bbox 226 1531 1374 1625; baseline 0.003 -28"><span class='ocrx_word' id='word_1_103' title='bbox 226 1531 414 1600; x_wconf 90' lang='lat' dir='ltr'><strong>mulieribus</strong></span> <span class='ocrx_word' id='word_1_104' title='bbox 443 1541 475 1601; x_wconf 88' lang='lat' dir='ltr'><strong>et</strong></span> <span class='ocrx_word' id='word_1_105' title='bbox 502 1537 707 1602; x_wconf 90' lang='lat' dir='ltr'><strong>matrimonio</strong></span> <span class='ocrx_word' id='word_1_106' title='bbox 731 1536 775 1625; x_wconf 90' lang='grc' dir='ltr'>(ιι.</span> <span class='ocrx_word' id='word_1_107' title='bbox 800 1538 864 1603; x_wconf 82' lang='grc'><strong>678</strong></span> <span class='ocrx_word' id='word_1_108' title='bbox 876 1536 986 1624; x_wconf 81' lang='lat' dir='ltr'><strong>seqq).</strong></span> <span class='ocrx_word' id='word_1_109' title='bbox 1032 1534 1139 1620; x_wconf 84' lang='lat' dir='ltr'><strong>Atque</strong></span> <span class='ocrx_word' id='word_1_110' title='bbox 1167 1541 1307 1601; x_wconf 87' lang='lat' dir='ltr'><strong>saturam</strong></span> <span class='ocrx_word' id='word_1_111' title='bbox 1335 1536 1374 1600; x_wconf 87' lang='lat' dir='ltr'><strong>do</strong></span> 
     </span>
     <span class='ocr_line' id='line_1_13' title="bbox 226 1641 1374 1729; baseline 0.001 -24"><span class='ocrx_word' id='word_1_112' title='bbox 226 1641 318 1726; x_wconf 89' lang='lat' dir='ltr'><strong>poesi</strong></span> <span class='ocrx_word' id='word_1_113' title='bbox 337 1641 503 1707; x_wconf 89' lang='lat' dir='ltr'><strong>Luciliana</strong></span> <span class='ocrx_word' id='word_1_114' title='bbox 526 1643 678 1729; x_wconf 85' lang='lat' dir='ltr'><strong>scriptam</strong></span> <span class='ocrx_word' id='word_1_115' title='bbox 701 1643 840 1729; x_wconf 83' lang='lat' dir='ltr'><strong>positam</strong></span> <span class='ocrx_word' id='word_1_116' title='bbox 862 1645 962 1710; x_wconf 85' lang='lat' dir='ltr'><strong>fuisse</strong></span> <span class='ocrx_word' id='word_1_117' title='bbox 985 1647 1057 1710; x_wconf 88' lang='lat' dir='ltr'><strong>ante</strong></span> <span class='ocrx_word' id='word_1_118' title='bbox 1081 1647 1221 1708; x_wconf 87' lang='lat' dir='ltr'><strong>saturem</strong></span> <span class='ocrx_word' id='word_1_119' title='bbox 1244 1644 1283 1707; x_wconf 88' lang='lat' dir='ltr'><strong>de</strong></span> <span class='ocrx_word' id='word_1_120' title='bbox 1306 1643 1374 1707; x_wconf 90' lang='lat' dir='ltr'><strong>uita</strong></span> 
     </span>
     <span class='ocr_line' id='line_1_14' title="bbox 227 1747 1373 1838; baseline 0.002 -26"><span class='ocrx_word' id='word_1_121' title='bbox 227 1769 284 1812; x_wconf 88' lang='lat' dir='ltr'><strong>sua</strong></span> <span class='ocrx_word' id='word_1_122' title='bbox 317 1749 457 1814; x_wconf 84' lang='lat' dir='ltr'><strong>efficitur</strong></span> <span class='ocrx_word' id='word_1_123' title='bbox 488 1751 600 1816; x_wconf 87' lang='lat' dir='ltr'><strong>ordine</strong></span> <span class='ocrx_word' id='word_1_124' title='bbox 628 1749 725 1815; x_wconf 79' lang='lat'><strong>-0-</strong></span> <span class='ocrx_word' id='word_1_125' title='bbox 754 1750 802 1836; x_wconf 85' lang='lat' dir='ltr'><strong>(u.</strong></span> <span class='ocrx_word' id='word_1_126' title='bbox 822 1750 884 1816; x_wconf 83' lang='lat'><strong>651</strong></span> <span class='ocrx_word' id='word_1_127' title='bbox 898 1748 981 1838; x_wconf 86' lang='lat' dir='ltr'><strong>seq.)</strong></span> <span class='ocrx_word' id='word_1_128' title='bbox 1014 1750 1115 1815; x_wconf 78' lang='lat' dir='ltr'><strong>-F-</strong></span> <span class='ocrx_word' id='word_1_129' title='bbox 1143 1749 1193 1836; x_wconf 88' lang='grc' dir='ltr'>(ιι.</span> <span class='ocrx_word' id='word_1_130' title='bbox 1213 1747 1373 1836; x_wconf 83' lang='lat' dir='ltr'><strong>669seq.)</strong></span> 
     </span>
     <span class='ocr_line' id='line_1_15' title="bbox 228 1853 1374 1942; baseline -0.001 -22"><span class='ocrx_word' id='word_1_131' title='bbox 228 1854 331 1920; x_wconf 71' lang='lat' dir='ltr'><strong>-G-</strong></span> <span class='ocrx_word' id='word_1_132' title='bbox 351 1853 395 1942; x_wconf 86' lang='lat' dir='ltr'><strong>(u.</strong></span> <span class='ocrx_word' id='word_1_133' title='bbox 413 1854 476 1919; x_wconf 81' lang='grc'><strong>671</strong></span> <span class='ocrx_word' id='word_1_134' title='bbox 489 1853 581 1942; x_wconf 88' lang='lat' dir='ltr'><strong>seq.):</strong></span> <span class='ocrx_word' id='word_1_135' title='bbox 604 1859 675 1921; x_wconf 92' lang='lat' dir='ltr'><strong>turn</strong></span> <span class='ocrx_word' id='word_1_136' title='bbox 694 1861 835 1922; x_wconf 77' lang='lat' dir='ltr'><strong>satiram</strong></span> <span class='ocrx_word' id='word_1_137' title='bbox 854 1857 893 1922; x_wconf 90' lang='lat' dir='ltr'><strong>de</strong></span> <span class='ocrx_word' id='word_1_138' title='bbox 911 1856 1100 1923; x_wconf 89' lang='lat' dir='ltr'><strong>mulieribus</strong></span> <span class='ocrx_word' id='word_1_139' title='bbox 1118 1857 1257 1941; x_wconf 84' lang='lat' dir='ltr'><strong>positam</strong></span> <span class='ocrx_word' id='word_1_140' title='bbox 1275 1855 1374 1920; x_wconf 85' lang='lat' dir='ltr'><strong>iuisse</strong></span> 
     </span>
     <span class='ocr_line' id='line_1_16' title="bbox 227 1960 1373 2052; baseline 0.001 -27"><span class='ocrx_word' id='word_1_141' title='bbox 227 1963 303 2046; x_wconf 89' lang='lat' dir='ltr'><strong>post</strong></span> <span class='ocrx_word' id='word_1_142' title='bbox 316 1965 457 2026; x_wconf 89' lang='lat' dir='ltr'><strong>saturam</strong></span> <span class='ocrx_word' id='word_1_143' title='bbox 472 1962 510 2026; x_wconf 88' lang='lat' dir='ltr'><strong>de</strong></span> <span class='ocrx_word' id='word_1_144' title='bbox 524 1961 593 2028; x_wconf 88' lang='lat' dir='ltr'><strong>uita</strong></span> <span class='ocrx_word' id='word_1_145' title='bbox 607 1968 721 2048; x_wconf 88' lang='lat' dir='ltr'><strong>poetae</strong></span> <span class='ocrx_word' id='word_1_146' title='bbox 731 1964 841 2029; x_wconf 88' lang='lat' dir='ltr'><strong>ordine</strong></span> <span class='ocrx_word' id='word_1_147' title='bbox 852 1988 954 2029; x_wconf 90' lang='lat' dir='ltr'><strong>-m-</strong></span> <span class='ocrx_word' id='word_1_148' title='bbox 966 1961 1009 2052; x_wconf 88' lang='grc' dir='ltr'>(ιι.</span> <span class='ocrx_word' id='word_1_149' title='bbox 1017 1962 1097 2050; x_wconf 86' lang='grc'>666)</span> <span class='ocrx_word' id='word_1_150' title='bbox 1111 1960 1288 2051; x_wconf 79' lang='lat' dir='ltr'><strong>-n(u.682</strong></span> <span class='ocrx_word' id='word_1_151' title='bbox 1295 1960 1373 2049; x_wconf 85' lang='lat' dir='ltr'><strong>seq.)</strong></span> 
     </span>
     <span class='ocr_line' id='line_1_17' title="bbox 229 2067 1376 2155; baseline 0.002 -24"><span class='ocrx_word' id='word_1_152' title='bbox 229 2068 284 2151; x_wconf 92' lang='lat' dir='ltr'><strong>qui</strong></span> <span class='ocrx_word' id='word_1_153' title='bbox 313 2067 391 2132; x_wconf 91' lang='lat' dir='ltr'><strong>ordo</strong></span> <span class='ocrx_word' id='word_1_154' title='bbox 419 2090 457 2133; x_wconf 92' lang='lat' dir='ltr'><strong>eo</strong></span> <span class='ocrx_word' id='word_1_155' title='bbox 482 2070 704 2154; x_wconf 82' lang='lat' dir='ltr'><strong>confirmatur,</strong></span> <span class='ocrx_word' id='word_1_156' title='bbox 734 2071 820 2155; x_wconf 95' lang='lat' dir='ltr'><strong>quod</strong></span> <span class='ocrx_word' id='word_1_157' title='bbox 850 2075 990 2136; x_wconf 88' lang='lat' dir='ltr'><strong>saturam</strong></span> <span class='ocrx_word' id='word_1_158' title='bbox 1019 2070 1058 2134; x_wconf 88' lang='lat' dir='ltr'><strong>de</strong></span> <span class='ocrx_word' id='word_1_159' title='bbox 1085 2069 1273 2135; x_wconf 91' lang='lat' dir='ltr'><strong>mulieribus</strong></span> <span class='ocrx_word' id='word_1_160' title='bbox 1301 2072 1376 2154; x_wconf 91' lang='lat' dir='ltr'><strong>post</strong></span> 
     </span>
     <span class='ocr_line' id='line_1_18' title="bbox 229 2174 1376 2260; baseline 0.002 -21"><span class='ocrx_word' id='word_1_161' title='bbox 229 2177 370 2239; x_wconf 84' lang='lat' dir='ltr'><strong>saturam</strong></span> <span class='ocrx_word' id='word_1_162' title='bbox 394 2174 432 2238; x_wconf 87' lang='lat' dir='ltr'><strong>de</strong></span> <span class='ocrx_word' id='word_1_163' title='bbox 455 2175 547 2260; x_wconf 90' lang='lat' dir='ltr'><strong>poesi</strong></span> <span class='ocrx_word' id='word_1_164' title='bbox 569 2176 687 2241; x_wconf 80' lang='lat' dir='ltr'><strong>Lucilii</strong></span> <span class='ocrx_word' id='word_1_165' title='bbox 710 2176 901 2243; x_wconf 89' lang='lat' dir='ltr'><strong>collocatam</strong></span> <span class='ocrx_word' id='word_1_166' title='bbox 923 2177 1023 2242; x_wconf 84' lang='lat' dir='ltr'><strong>fuisse</strong></span> <span class='ocrx_word' id='word_1_167' title='bbox 1046 2176 1166 2242; x_wconf 92' lang='lat' dir='ltr'><strong>euincit</strong></span> <span class='ocrx_word' id='word_1_168' title='bbox 1186 2175 1263 2241; x_wconf 90' lang='lat' dir='ltr'><strong>ordo</strong></span> <span class='ocrx_word' id='word_1_169' title='bbox 1283 2177 1376 2258; x_wconf 83' lang='grc' dir='ltr'><strong>-β-</strong></span> 
     </span>
     <span class='ocr_line' id='line_1_19' title="bbox 229 2277 901 2371; baseline 0.006 -27"><span class='ocrx_word' id='word_1_170' title='bbox 229 2277 272 2368; x_wconf 88' lang='lat' dir='ltr'><strong>(u.</strong></span> <span class='ocrx_word' id='word_1_171' title='bbox 292 2278 372 2367; x_wconf 82' lang='lat'>625)</span> <span class='ocrx_word' id='word_1_172' title='bbox 397 2305 487 2363; x_wconf 80' lang='grc' dir='ltr'><strong>-γ-</strong></span> <span class='ocrx_word' id='word_1_173' title='bbox 508 2288 552 2368; x_wconf 90' lang='grc' dir='ltr'>(ιι.</span> <span class='ocrx_word' id='word_1_174' title='bbox 572 2281 652 2370; x_wconf 80' lang='lat'>629)</span> <span class='ocrx_word' id='word_1_175' title='bbox 676 2306 728 2348; x_wconf 84' lang='lat' dir='ltr'><strong>-s</strong></span> <span class='ocrx_word' id='word_1_176' title='bbox 748 2283 791 2368; x_wconf 84' lang='grc' dir='ltr'>(ιι.</span> <span class='ocrx_word' id='word_1_177' title='bbox 812 2282 901 2371; x_wconf 88' lang='grc'>681).</span> 
     </span>
    </p>

    <p class='ocr_par' dir='ltr' id='par_1_3' title="bbox 229 2387 1423 4074">
     <span class='ocr_line' id='line_1_20' title="bbox 317 2387 1376 2476; baseline 0 -23"><span class='ocrx_word' id='word_1_178' title='bbox 317 2387 494 2473; x_wconf 82' lang='lat' dir='ltr'><strong>Exemplar</strong></span> <span class='ocrx_word' id='word_1_179' title='bbox 526 2388 663 2474; x_wconf 88' lang='lat' dir='ltr'><strong>denique</strong></span> <span class='ocrx_word' id='word_1_180' title='bbox 695 2389 775 2455; x_wconf 92' lang='lat' dir='ltr'><strong>illud</strong></span> <span class='ocrx_word' id='word_1_181' title='bbox 801 2390 920 2456; x_wconf 90' lang='lat' dir='ltr'><strong>Lucilii</strong></span> <span class='ocrx_word' id='word_1_182' title='bbox 952 2414 1016 2476; x_wconf 88' lang='lat' dir='ltr'><strong>quo</strong></span> <span class='ocrx_word' id='word_1_183' title='bbox 1044 2389 1170 2456; x_wconf 88' lang='lat' dir='ltr'><strong>Nonius</strong></span> <span class='ocrx_word' id='word_1_184' title='bbox 1202 2394 1270 2455; x_wconf 88' lang='lat' dir='ltr'><strong>erat</strong></span> <span class='ocrx_word' id='word_1_185' title='bbox 1299 2411 1376 2454; x_wconf 92' lang='lat' dir='ltr'><strong>usus</strong></span> 
     </span>
     <span class='ocr_line' id='line_1_21' title="bbox 230 2493 1377 2584; baseline 0 -25"><span class='ocrx_word' id='word_1_186' title='bbox 230 2493 368 2560; x_wconf 88' lang='lat' dir='ltr'><strong>deterius</strong></span> <span class='ocrx_word' id='word_1_187' title='bbox 397 2499 466 2561; x_wconf 88' lang='lat' dir='ltr'><strong>erat</strong></span> <span class='ocrx_word' id='word_1_188' title='bbox 492 2496 552 2579; x_wconf 84' lang='lat' dir='ltr'><strong>eis,</strong></span> <span class='ocrx_word' id='word_1_189' title='bbox 583 2519 719 2581; x_wconf 88' lang='lat' dir='ltr'><strong>quorum</strong></span> <span class='ocrx_word' id='word_1_190' title='bbox 748 2499 864 2563; x_wconf 89' lang='lat' dir='ltr'><strong>notitia</strong></span> <span class='ocrx_word' id='word_1_191' title='bbox 890 2520 948 2583; x_wconf 90' lang='lat' dir='ltr'><strong>per</strong></span> <span class='ocrx_word' id='word_1_192' title='bbox 975 2498 1055 2563; x_wconf 87' lang='lat' dir='ltr'><strong>alios</strong></span> <span class='ocrx_word' id='word_1_193' title='bbox 1083 2497 1308 2584; x_wconf 81' lang='lat' dir='ltr'><strong>grammaticos</strong></span> <span class='ocrx_word' id='word_1_194' title='bbox 1336 2495 1377 2559; x_wconf 89' lang='lat' dir='ltr'><strong>ad</strong></span> 
     </span>
     <span class='ocr_line' id='line_1_22' title="bbox 229 2601 1377 2686; baseline 0 -20"><span class='ocrx_word' id='word_1_195' title='bbox 229 2622 288 2666; x_wconf 90' lang='lat' dir='ltr'><strong>nos</strong></span> <span class='ocrx_word' id='word_1_196' title='bbox 311 2603 465 2686; x_wconf 88' lang='lat' dir='ltr'><strong>peruenit.</strong></span> <span class='ocrx_word' id='word_1_197' title='bbox 512 2601 626 2669; x_wconf 88' lang='lat' dir='ltr'><strong>Varias</strong></span> <span class='ocrx_word' id='word_1_198' title='bbox 649 2604 803 2670; x_wconf 90' lang='lat' dir='ltr'><strong>lectiones</strong></span> <span class='ocrx_word' id='word_1_199' title='bbox 827 2605 976 2670; x_wconf 87' lang='lat' dir='ltr'><strong>collectas</strong></span> <span class='ocrx_word' id='word_1_200' title='bbox 997 2603 1201 2669; x_wconf 86' lang='lat' dir='ltr'><strong>exhibuimus</strong></span> <span class='ocrx_word' id='word_1_201' title='bbox 1221 2604 1256 2668; x_wconf 93' lang='lat' dir='ltr'><strong>in</strong></span> <span class='ocrx_word' id='word_1_202' title='bbox 1273 2603 1377 2667; x_wconf 90' lang='lat' dir='ltr'><strong>indice</strong></span> 
     </span>
     <span class='ocr_line' id='line_1_23' title="bbox 229 2709 1377 2795; baseline 0.001 -22"><span class='ocrx_word' id='word_1_203' title='bbox 229 2709 439 2795; x_wconf 82' lang='lat' dir='ltr'><strong>grammatico</strong></span> <span class='ocrx_word' id='word_1_204' title='bbox 468 2732 491 2775; x_wconf 88' lang='lat' dir='ltr'><strong>s.</strong></span> <span class='ocrx_word' id='word_1_205' title='bbox 510 2732 540 2774; x_wconf 89' lang='lat' dir='ltr'><strong>u.</strong></span> <span class='ocrx_word' id='word_1_206' title='bbox 563 2712 676 2776; x_wconf 77' lang='lat' dir='ltr'><strong>auctae</strong></span> <span class='ocrx_word' id='word_1_207' title='bbox 704 2711 857 2777; x_wconf 63' lang='lat' dir='ltr'><strong>homnem</strong></span> <span class='ocrx_word' id='word_1_208' title='bbox 890 2710 946 2776; x_wconf 92' lang='lat' dir='ltr'><strong>ubi</strong></span> <span class='ocrx_word' id='word_1_209' title='bbox 978 2711 1161 2795; x_wconf 89' lang='lat' dir='ltr'><strong>discrepant</strong></span> <span class='ocrx_word' id='word_1_210' title='bbox 1192 2711 1377 2795; x_wconf 85' lang='lat' dir='ltr'><strong>scripturae,</strong></span> 
     </span>
     <span class='ocr_line' id='line_1_24' title="bbox 229 2797 1423 2910; baseline -0.002 -28"><span class='ocrx_word' id='word_1_211' title='bbox 229 2813 330 2882; x_wconf 89' lang='lat' dir='ltr'><strong>Nonii</strong></span> <span class='ocrx_word' id='word_1_212' title='bbox 353 2817 528 2882; x_wconf 87' lang='lat' dir='ltr'><strong>auctoritas</strong></span> <span class='ocrx_word' id='word_1_213' title='bbox 549 2817 771 2901; x_wconf 80' lang='lat' dir='ltr'><strong>posthabenda</strong></span> <span class='ocrx_word' id='word_1_214' title='bbox 794 2822 843 2883; x_wconf 87' lang='lat' dir='ltr'><strong>est</strong></span> <span class='ocrx_word' id='word_1_215' title='bbox 864 2818 930 2883; x_wconf 89' lang='lat' dir='ltr'><strong>fere</strong></span> <span class='ocrx_word' id='word_1_216' title='bbox 953 2818 1080 2902; x_wconf 89' lang='lat' dir='ltr'><strong>ubique.</strong></span> <span class='ocrx_word' id='word_1_217' title='bbox 1127 2815 1238 2882; x_wconf 90' lang='lat' dir='ltr'><strong>Veluti</strong></span> <span class='ocrx_word' id='word_1_218' title='bbox 1260 2797 1315 2881; x_wconf 86' lang='lat' dir='ltr'><strong>lib.</strong></span> <span class='ocrx_word' id='word_1_219' title='bbox 1330 2814 1377 2910; x_wconf 75' lang='lat' dir='ltr'><strong>IV</strong></span> <span class='ocrx_word' id='word_1_220' title='bbox 1418 2872 1423 2880; x_wconf 94' lang='lat'><strong>.</strong></span> 
     </span>
     <span class='ocr_line' id='line_1_25' title="bbox 230 2922 1378 3010; baseline 0.002 -26"><span class='ocrx_word' id='word_1_221' title='bbox 230 2943 260 2986; x_wconf 93' lang='lat' dir='ltr'><strong>u.</strong></span> <span class='ocrx_word' id='word_1_222' title='bbox 282 2922 344 2987; x_wconf 80' lang='lat'><strong>173</strong></span> <span class='ocrx_word' id='word_1_223' title='bbox 372 2923 491 3010; x_wconf 82' lang='lat' dir='ltr'><strong>legitur</strong></span> <span class='ocrx_word' id='word_1_224' title='bbox 515 2922 668 3008; x_wconf 81' lang='lat' dir='ltr'><strong>‘cumque</strong></span> <span class='ocrx_word' id='word_1_225' title='bbox 690 2923 744 2990; x_wconf 92' lang='lat' dir='ltr'><strong>hic</strong></span> <span class='ocrx_word' id='word_1_226' title='bbox 766 2929 833 2990; x_wconf 88' lang='lat' dir='ltr'><strong>tam</strong></span> <span class='ocrx_word' id='word_1_227' title='bbox 856 2926 1040 2990; x_wconf 87' lang='lat' dir='ltr'><strong>formonsus</strong></span> <span class='ocrx_word' id='word_1_228' title='bbox 1063 2923 1124 2989; x_wconf 95' lang='lat' dir='ltr'><strong>tibi</strong></span> <span class='ocrx_word' id='word_1_229' title='bbox 1147 2944 1184 2988; x_wconf 89' lang='lat' dir='ltr'><strong>ac</strong></span> <span class='ocrx_word' id='word_1_230' title='bbox 1207 2927 1238 2988; x_wconf 88' lang='lat' dir='ltr'><strong>te</strong></span> <span class='ocrx_word' id='word_1_231' title='bbox 1261 2922 1378 3008; x_wconf 79' lang='lat' dir='ltr'><strong>dignus</strong></span> 
     </span>
     <span class='ocr_line' id='line_1_26' title="bbox 230 3027 1378 3116; baseline 0 -24"><span class='ocrx_word' id='word_1_232' title='bbox 230 3027 375 3112; x_wconf 89' lang='lat' dir='ltr'><strong>puellus&#39;</strong></span> <span class='ocrx_word' id='word_1_233' title='bbox 402 3030 576 3095; x_wconf 88' lang='lat' dir='ltr'><strong>secundum</strong></span> <span class='ocrx_word' id='word_1_234' title='bbox 604 3028 748 3096; x_wconf 88' lang='lat' dir='ltr'><strong>Nonium</strong></span> <span class='ocrx_word' id='word_1_235' title='bbox 771 3054 802 3115; x_wconf 91' lang='lat' dir='ltr'><strong>p.</strong></span> <span class='ocrx_word' id='word_1_236' title='bbox 820 3030 963 3116; x_wconf 81' lang='lat' dir='ltr'><strong>158,1c:</strong></span> <span class='ocrx_word' id='word_1_237' title='bbox 993 3031 1049 3096; x_wconf 91' lang='lat' dir='ltr'><strong>sed</strong></span> <span class='ocrx_word' id='word_1_238' title='bbox 1076 3034 1161 3095; x_wconf 87' lang='lat' dir='ltr'><strong>recte</strong></span> <span class='ocrx_word' id='word_1_239' title='bbox 1189 3031 1257 3095; x_wconf 90' lang='lat' dir='ltr'><strong>sine</strong></span> <span class='ocrx_word' id='word_1_240' title='bbox 1280 3029 1378 3093; x_wconf 94' lang='lat' dir='ltr'><strong>dubio</strong></span> 
     </span>
     <span class='ocr_line' id='line_1_27' title="bbox 231 3133 1377 3224; baseline 0.001 -25"><span class='ocrx_word' id='word_1_241' title='bbox 231 3134 384 3200; x_wconf 76' lang='lat' dir='ltr'><strong>scribitur</strong></span> <span class='ocrx_word' id='word_1_242' title='bbox 403 3135 551 3220; x_wconf 80' lang='lat' dir='ltr'><strong>‘cumque</strong></span> <span class='ocrx_word' id='word_1_243' title='bbox 569 3136 623 3202; x_wconf 89' lang='lat' dir='ltr'><strong>hic</strong></span> <span class='ocrx_word' id='word_1_244' title='bbox 640 3141 708 3201; x_wconf 91' lang='lat' dir='ltr'><strong>tam</strong></span> <span class='ocrx_word' id='word_1_245' title='bbox 721 3138 882 3202; x_wconf 87' lang='lat' dir='ltr'><strong>formosus</strong></span> <span class='ocrx_word' id='word_1_246' title='bbox 896 3137 995 3202; x_wconf 89' lang='lat' dir='ltr'><strong>homo</strong></span> <span class='ocrx_word' id='word_1_247' title='bbox 1011 3158 1049 3202; x_wconf 90' lang='lat' dir='ltr'><strong>ac</strong></span> <span class='ocrx_word' id='word_1_248' title='bbox 1062 3142 1094 3203; x_wconf 92' lang='lat' dir='ltr'><strong>te</strong></span> <span class='ocrx_word' id='word_1_249' title='bbox 1109 3137 1225 3224; x_wconf 81' lang='lat' dir='ltr'><strong>dignus</strong></span> <span class='ocrx_word' id='word_1_250' title='bbox 1239 3133 1377 3221; x_wconf 82' lang='lat' dir='ltr'><strong>puellus&#39;</strong></span> 
     </span>
     <span class='ocr_line' id='line_1_28' title="bbox 231 3240 1377 3328; baseline -0.002 -22"><span class='ocrx_word' id='word_1_251' title='bbox 231 3241 406 3306; x_wconf 86' lang='lat' dir='ltr'><strong>secundum</strong></span> <span class='ocrx_word' id='word_1_252' title='bbox 439 3240 570 3307; x_wconf 84' lang='lat' dir='ltr'><strong>Festum</strong></span> <span class='ocrx_word' id='word_1_253' title='bbox 602 3265 633 3327; x_wconf 89' lang='lat' dir='ltr'><strong>p.</strong></span> <span class='ocrx_word' id='word_1_254' title='bbox 652 3242 727 3327; x_wconf 77' lang='lat'><strong>249,</strong></span> <span class='ocrx_word' id='word_1_255' title='bbox 748 3244 788 3308; x_wconf 92' lang='grc'><strong>18</strong></span> <span class='ocrx_word' id='word_1_256' title='bbox 822 3248 855 3308; x_wconf 90' lang='lat' dir='ltr'><strong>et</strong></span> <span class='ocrx_word' id='word_1_257' title='bbox 886 3241 1077 3309; x_wconf 85' lang='lat' dir='ltr'><strong>Suetonium</strong></span> <span class='ocrx_word' id='word_1_258' title='bbox 1109 3243 1194 3328; x_wconf 87' lang='lat' dir='ltr'><strong>apud</strong></span> <span class='ocrx_word' id='word_1_259' title='bbox 1225 3241 1377 3308; x_wconf 80' lang='lat' dir='ltr'><strong>Priscian.</strong></span> 
     </span>
     <span class='ocr_line' id='line_1_29' title="bbox 233 3344 1380 3436; baseline 0.002 -25"><span class='ocrx_word' id='word_1_260' title='bbox 233 3344 346 3412; x_wconf 81' lang='lat' dir='ltr'><strong>GLII</strong></span> <span class='ocrx_word' id='word_1_261' title='bbox 369 3348 490 3432; x_wconf 69' lang='lat' dir='ltr'><strong>psas,</strong></span> <span class='ocrx_word' id='word_1_262' title='bbox 507 3348 523 3412; x_wconf 95' lang='grc'><strong>1</strong></span> <span class='ocrx_word' id='word_1_263' title='bbox 539 3347 579 3413; x_wconf 91' lang='grc' dir='ltr'><strong>Κ.</strong></span> <span class='ocrx_word' id='word_1_264' title='bbox 634 3347 892 3436; x_wconf 83' lang='lat' dir='ltr'><strong>Orthographias</strong></span> <span class='ocrx_word' id='word_1_265' title='bbox 923 3350 1064 3415; x_wconf 88' lang='lat' dir='ltr'><strong>rationes</strong></span> <span class='ocrx_word' id='word_1_266' title='bbox 1101 3350 1309 3435; x_wconf 88' lang='lat' dir='ltr'><strong>exposuimus</strong></span> <span class='ocrx_word' id='word_1_267' title='bbox 1346 3348 1380 3413; x_wconf 91' lang='lat' dir='ltr'><strong>in</strong></span> 
     </span>
     <span class='ocr_line' id='line_1_30' title="bbox 232 3452 1379 3542; baseline 0.003 -26"><span class='ocrx_word' id='word_1_268' title='bbox 232 3452 344 3518; x_wconf 91' lang='lat' dir='ltr'><strong>eodem</strong></span> <span class='ocrx_word' id='word_1_269' title='bbox 378 3454 483 3521; x_wconf 89' lang='lat' dir='ltr'><strong>indice</strong></span> <span class='ocrx_word' id='word_1_270' title='bbox 510 3477 533 3520; x_wconf 88' lang='lat' dir='ltr'><strong>s.</strong></span> <span class='ocrx_word' id='word_1_271' title='bbox 553 3479 583 3520; x_wconf 92' lang='lat' dir='ltr'><strong>u.</strong></span> <span class='ocrx_word' id='word_1_272' title='bbox 615 3455 843 3540; x_wconf 75' lang='lat' dir='ltr'><strong>ortlwprupbc&#39;c.</strong></span> <span class='ocrx_word' id='word_1_273' title='bbox 898 3455 991 3521; x_wconf 89' lang='lat' dir='ltr'><strong>Vnde</strong></span> <span class='ocrx_word' id='word_1_274' title='bbox 1027 3461 1161 3542; x_wconf 88' lang='lat' dir='ltr'><strong>apparet</strong></span> <span class='ocrx_word' id='word_1_275' title='bbox 1193 3455 1379 3521; x_wconf 89' lang='lat' dir='ltr'><strong>uetustioris</strong></span> 
     </span>
     <span class='ocr_line' id='line_1_31' title="bbox 233 3560 1380 3649; baseline 0.002 -25"><span class='ocrx_word' id='word_1_276' title='bbox 233 3560 483 3646; x_wconf 83' lang='lat' dir='ltr'><strong>orthographiae</strong></span> <span class='ocrx_word' id='word_1_277' title='bbox 516 3562 618 3628; x_wconf 90' lang='lat' dir='ltr'><strong>ueluti</strong></span> <span class='ocrx_word' id='word_1_278' title='bbox 639 3583 820 3646; x_wconf 78' lang='lat' dir='ltr'><strong>pessumum</strong></span> <span class='ocrx_word' id='word_1_279' title='bbox 848 3565 1018 3629; x_wconf 71' lang='lat' dir='ltr'><strong>caudeorso</strong></span> <span class='ocrx_word' id='word_1_280' title='bbox 1050 3563 1189 3649; x_wconf 81' lang='lat' dir='ltr'><strong>uestigia</strong></span> <span class='ocrx_word' id='word_1_281' title='bbox 1219 3563 1253 3627; x_wconf 91' lang='lat' dir='ltr'><strong>in</strong></span> <span class='ocrx_word' id='word_1_282' title='bbox 1280 3560 1380 3627; x_wconf 89' lang='lat' dir='ltr'><strong>Nonii</strong></span> 
     </span>
     <span class='ocr_line' id='line_1_32' title="bbox 232 3666 1381 3756; baseline 0.002 -24"><span class='ocrx_word' id='word_1_283' title='bbox 232 3666 324 3732; x_wconf 89' lang='lat' dir='ltr'><strong>libris</strong></span> <span class='ocrx_word' id='word_1_284' title='bbox 352 3667 472 3753; x_wconf 86' lang='lat' dir='ltr'><strong>passim</strong></span> <span class='ocrx_word' id='word_1_285' title='bbox 500 3669 652 3753; x_wconf 87' lang='lat' dir='ltr'><strong>inueniri,</strong></span> <span class='ocrx_word' id='word_1_286' title='bbox 685 3670 740 3736; x_wconf 86' lang='lat' dir='ltr'><strong>sed</strong></span> <span class='ocrx_word' id='word_1_287' title='bbox 768 3692 925 3755; x_wconf 87' lang='lat' dir='ltr'><strong>nusquam</strong></span> <span class='ocrx_word' id='word_1_288' title='bbox 954 3671 983 3735; x_wconf 79' lang='lat' dir='ltr'><strong>ct</strong></span> <span class='ocrx_word' id='word_1_289' title='bbox 1009 3692 1068 3755; x_wconf 89' lang='lat' dir='ltr'><strong>pro</strong></span> <span class='ocrx_word' id='word_1_290' title='bbox 1095 3670 1242 3756; x_wconf 80' lang='lat' dir='ltr'><strong>ilonga,</strong></span> <span class='ocrx_word' id='word_1_291' title='bbox 1275 3668 1381 3752; x_wconf 83' lang='lat' dir='ltr'><strong>qualia</strong></span> 
     </span>
     <span class='ocr_line' id='line_1_33' title="bbox 234 3772 1380 3843; baseline 0.001 -5"><span class='ocrx_word' id='word_1_292' title='bbox 234 3772 397 3840; x_wconf 79' lang='lat' dir='ltr'><strong>Ciceronis</strong></span> <span class='ocrx_word' id='word_1_293' title='bbox 421 3775 546 3841; x_wconf 90' lang='lat' dir='ltr'><strong>codices</strong></span> <span class='ocrx_word' id='word_1_294' title='bbox 565 3780 598 3840; x_wconf 89' lang='lat' dir='ltr'><strong>et</strong></span> <span class='ocrx_word' id='word_1_295' title='bbox 612 3775 708 3842; x_wconf 81' lang='lat' dir='ltr'><strong>Gellii</strong></span> <span class='ocrx_word' id='word_1_296' title='bbox 726 3781 894 3843; x_wconf 89' lang='lat' dir='ltr'><strong>seruarunt</strong></span> <span class='ocrx_word' id='word_1_297' title='bbox 913 3777 947 3841; x_wconf 90' lang='lat' dir='ltr'><strong>in</strong></span> <span class='ocrx_word' id='word_1_298' title='bbox 964 3778 1025 3842; x_wconf 77' lang='lat' dir='ltr'><strong>scia</strong></span> <span class='ocrx_word' id='word_1_299' title='bbox 1043 3781 1075 3842; x_wconf 87' lang='lat' dir='ltr'><strong>et</strong></span> <span class='ocrx_word' id='word_1_300' title='bbox 1093 3776 1128 3841; x_wconf 91' lang='lat' dir='ltr'><strong>in</strong></span> <span class='ocrx_word' id='word_1_301' title='bbox 1143 3777 1380 3842; x_wconf 74' lang='lat' dir='ltr'><strong>Eissocratium.</strong></span> 
     </span>
     <span class='ocr_line' id='line_1_34' title="bbox 232 3879 1380 3968; baseline -0.001 -23"><span class='ocrx_word' id='word_1_302' title='bbox 232 3879 346 3966; x_wconf 85' lang='lat' dir='ltr'><strong>Itaque</strong></span> <span class='ocrx_word' id='word_1_303' title='bbox 378 3881 526 3947; x_wconf 88' lang='lat' dir='ltr'><strong>desinant</strong></span> <span class='ocrx_word' id='word_1_304' title='bbox 557 3882 728 3967; x_wconf 85' lang='lat' dir='ltr'><strong>aliquando</strong></span> <span class='ocrx_word' id='word_1_305' title='bbox 760 3882 858 3948; x_wconf 90' lang='lat' dir='ltr'><strong>talem</strong></span> <span class='ocrx_word' id='word_1_306' title='bbox 891 3883 1081 3968; x_wconf 87' lang='lat' dir='ltr'><strong>scripturam</strong></span> <span class='ocrx_word' id='word_1_307' title='bbox 1115 3883 1232 3948; x_wconf 83' lang='lat' dir='ltr'><strong>inferre</strong></span> <span class='ocrx_word' id='word_1_308' title='bbox 1265 3882 1380 3946; x_wconf 91' lang='lat' dir='ltr'><strong>Lucilii</strong></span> 
     </span>
     <span class='ocr_line' id='line_1_35' title="bbox 234 3987 823 4074; baseline 0.002 -21"><span class='ocrx_word' id='word_1_309' title='bbox 234 3988 380 4054; x_wconf 86' lang='lat' dir='ltr'><strong>uersibus</strong></span> <span class='ocrx_word' id='word_1_310' title='bbox 404 3988 489 4074; x_wconf 90' lang='lat' dir='ltr'><strong>apud</strong></span> <span class='ocrx_word' id='word_1_311' title='bbox 511 3987 655 4056; x_wconf 89' lang='lat' dir='ltr'><strong>Nonium</strong></span> <span class='ocrx_word' id='word_1_312' title='bbox 679 3991 823 4056; x_wconf 87' lang='lat' dir='ltr'><strong>seruatis.</strong></span> 
     </span>
    </p>

    <p class='ocr_par' dir='ltr' id='par_1_4' title="bbox 34 4094 1383 4503">
     <span class='ocr_line' id='line_1_36' title="bbox 34 4094 1382 4182; baseline 0 -22"><span class='ocrx_word' id='word_1_313' title='bbox 34 4133 57 4182; x_wconf 68' lang='lat'><strong>3)</strong></span> <span class='ocrx_word' id='word_1_314' title='bbox 72 4132 102 4171; x_wconf 65' lang='grc' dir='ltr'><strong>ῃ,</strong></span> <span class='ocrx_word' id='word_1_315' title='bbox 117 4131 235 4174; x_wconf 48' lang='lat' dir='ltr'><strong>amram</strong></span> <span class='ocrx_word' id='word_1_316' title='bbox 324 4094 482 4162; x_wconf 84' lang='lat' dir='ltr'><strong>Rhetores</strong></span> <span class='ocrx_word' id='word_1_317' title='bbox 492 4096 624 4161; x_wconf 87' lang='lat' dir='ltr'><strong>Latinos</strong></span> <span class='ocrx_word' id='word_1_318' title='bbox 637 4100 713 4181; x_wconf 89' lang='lat' dir='ltr'><strong>post</strong></span> <span class='ocrx_word' id='word_1_319' title='bbox 723 4095 955 4173; x_wconf 83' lang='lat' dir='ltr'><strong>Quintilianum</strong></span> <span class='ocrx_word' id='word_1_320' title='bbox 969 4095 1022 4162; x_wconf 90' lang='lat' dir='ltr'><strong>uel</strong></span> <span class='ocrx_word' id='word_1_321' title='bbox 1034 4095 1225 4174; x_wconf 85' lang='lat' dir='ltr'><strong>Quintiliani</strong></span> <span class='ocrx_word' id='word_1_322' title='bbox 1235 4095 1382 4181; x_wconf 88' lang='lat' dir='ltr'><strong>aequales</strong></span> 
     </span>
     <span class='ocr_line' id='line_1_37' title="bbox 233 4201 1382 4289; baseline -0.002 -22"><span class='ocrx_word' id='word_1_323' title='bbox 233 4201 351 4268; x_wconf 89' lang='lat' dir='ltr'><strong>Lucilii</strong></span> <span class='ocrx_word' id='word_1_324' title='bbox 382 4224 495 4268; x_wconf 86' lang='lat' dir='ltr'><strong>uersus</strong></span> <span class='ocrx_word' id='word_1_325' title='bbox 527 4225 586 4287; x_wconf 89' lang='lat' dir='ltr'><strong>pro</strong></span> <span class='ocrx_word' id='word_1_326' title='bbox 615 4203 771 4288; x_wconf 83' lang='lat' dir='ltr'><strong>exemplis</strong></span> <span class='ocrx_word' id='word_1_327' title='bbox 798 4204 944 4289; x_wconf 87' lang='lat' dir='ltr'><strong>posuisse</strong></span> <span class='ocrx_word' id='word_1_328' title='bbox 970 4205 1103 4268; x_wconf 89' lang='lat' dir='ltr'><strong>minime</strong></span> <span class='ocrx_word' id='word_1_329' title='bbox 1129 4203 1298 4289; x_wconf 89' lang='lat' dir='ltr'><strong>probabile</strong></span> <span class='ocrx_word' id='word_1_330' title='bbox 1325 4206 1382 4268; x_wconf 89' lang='lat' dir='ltr'><strong>est.</strong></span> 
     </span>
     <span class='ocr_line' id='line_1_38' title="bbox 233 4307 1383 4396; baseline 0.002 -24"><span class='ocrx_word' id='word_1_331' title='bbox 233 4307 346 4392; x_wconf 84' lang='lat' dir='ltr'><strong>Itaque</strong></span> <span class='ocrx_word' id='word_1_332' title='bbox 364 4308 484 4375; x_wconf 88' lang='lat' dir='ltr'><strong>Iulium</strong></span> <span class='ocrx_word' id='word_1_333' title='bbox 502 4308 711 4375; x_wconf 90' lang='lat' dir='ltr'><strong>Rufinianum</strong></span> <span class='ocrx_word' id='word_1_334' title='bbox 732 4309 788 4393; x_wconf 92' lang='lat' dir='ltr'><strong>qui</strong></span> <span class='ocrx_word' id='word_1_335' title='bbox 802 4310 864 4375; x_wconf 85' lang='lat' dir='ltr'><strong>RL</strong></span> <span class='ocrx_word' id='word_1_336' title='bbox 888 4334 918 4396; x_wconf 95' lang='lat' dir='ltr'><strong>p.</strong></span> <span class='ocrx_word' id='word_1_337' title='bbox 937 4310 1058 4395; x_wconf 80' lang='lat'><strong>45,11.</strong></span> <span class='ocrx_word' id='word_1_338' title='bbox 1077 4311 1128 4376; x_wconf 77' lang='grc'><strong>28.</strong></span> <span class='ocrx_word' id='word_1_339' title='bbox 1148 4311 1201 4396; x_wconf 86' lang='grc'><strong>46,</strong></span> <span class='ocrx_word' id='word_1_340' title='bbox 1215 4312 1244 4375; x_wconf 79' lang='grc'><strong>2.</strong></span> <span class='ocrx_word' id='word_1_341' title='bbox 1264 4309 1383 4393; x_wconf 56' lang='lat'><strong>6218,</strong></span> 
     </span>
     <span class='ocr_line' id='line_1_39' title="bbox 234 4414 1383 4503; baseline 0.002 -25"><span class='ocrx_word' id='word_1_342' title='bbox 234 4415 311 4479; x_wconf 88' lang='lat' dir='ltr'><strong>item</strong></span> <span class='ocrx_word' id='word_1_343' title='bbox 326 4414 593 4481; x_wconf 82' lang='lat' dir='ltr'><strong>Fortunatianum</strong></span> <span class='ocrx_word' id='word_1_344' title='bbox 612 4416 668 4501; x_wconf 90' lang='lat' dir='ltr'><strong>qui</strong></span> <span class='ocrx_word' id='word_1_345' title='bbox 687 4416 786 4482; x_wconf 89' lang='lat' dir='ltr'><strong>semel</strong></span> <span class='ocrx_word' id='word_1_346' title='bbox 798 4440 828 4502; x_wconf 91' lang='lat' dir='ltr'><strong>p.</strong></span> <span class='ocrx_word' id='word_1_347' title='bbox 846 4416 919 4503; x_wconf 81' lang='lat'>124,</span> <span class='ocrx_word' id='word_1_348' title='bbox 934 4418 953 4482; x_wconf 92' lang='grc'><strong>8</strong></span> <span class='ocrx_word' id='word_1_349' title='bbox 969 4417 1008 4482; x_wconf 90' lang='grc' dir='ltr'><strong>Η.</strong></span> <span class='ocrx_word' id='word_1_350' title='bbox 1029 4417 1127 4482; x_wconf 92' lang='lat' dir='ltr'><strong>uerba</strong></span> <span class='ocrx_word' id='word_1_351' title='bbox 1145 4418 1255 4482; x_wconf 87' lang='lat' dir='ltr'><strong>attulit</strong></span> <span class='ocrx_word' id='word_1_352' title='bbox 1269 4420 1383 4502; x_wconf 88' lang='lat' dir='ltr'><strong>poetae</strong></span> 
     </span>
    </p>
   </div>
   <div class='ocr_carea' id='block_1_3' title="bbox 0 0 1561 5018">
    <p class='ocr_par' dir='ltr' id='par_1_5' title="bbox 0 0 1561 5018">
     <span class='ocr_line' id='line_1_40' title="bbox 0 0 1561 5018; baseline 0 0"><span class='ocrx_word' id='word_1_353' title='bbox 0 0 1561 5018; x_wconf 95' lang='lat' dir='ltr'><strong> </strong></span> 
     </span>
    </p>
   </div>
  </div>
 </body>
</html>
