3052 5024
228 309 304 365 XLII
663 313 941 366 PROLEGOMENA.

230 474 436 559 referebatur,
458 477 533 559 post
556 473 749 561 sequebatur
768 472 942 540 Scaeuolae
964 474 1081 541 oratio:
1104 497 1144 540 ex
1161 476 1223 542 hac
1240 474 1303 542 tria
1321 457 1384 543 illa

227 583 409 670 fragmenta
426 580 512 667 apud
531 579 715 647 Ciceronem
736 586 862 648 seruata
881 586 963 648 sunt.
1000 581 1085 648 Nam
1100 582 1238 649 ‘Mucius
1254 581 1377 670 Augur,

229 688 315 774 quod
337 710 397 774 pro
417 711 451 754 se
470 710 552 774 opus
571 693 647 774 erat,
670 689 739 774 ipse
758 687 893 774 dicebat,
916 694 954 755 ut
971 689 1010 754 de
1029 691 1173 775 pecuniis
1190 691 1376 776 repetundis

229 799 340 862 contra
362 794 398 860 T.
412 792 595 861 Albucium.
641 794 673 861 Is
696 797 860 861 oratorum
884 796 919 861 in
941 819 1074 863 numero
1101 819 1168 863 non
1193 798 1270 882 fuit,
1298 799 1376 863 iuris

229 903 334 969 ciuilis
362 902 583 989 intellegentia
609 907 706 987 atque
729 904 817 967 omni
844 902 1032 989 prudentiae
1059 925 1175 990 genere
1203 905 1376 989 praestitit'

229 1007 306 1096 (cio.
321 1009 412 1075 Brut.
429 1009 506 1074 102:
522 1007 931 1096 confdeor.1214.234).
972 1008 988 1075 I
1007 1032 1087 1095 aque
1110 1012 1289 1098 longiorem
1309 1032 1377 1076 ora

228 1117 349 1182 tionem
372 1116 532 1183 Lucilium
557 1117 673 1202 opinor
695 1115 847 1183 tribuisse
870 1114 1019 1201 Albucia,
1042 1115 1230 1184 Scaeuolam
1253 1118 1378 1185 inducit

226 1217 370 1291 breuiter
384 1228 596 1309 exponentem
611 1246 720 1289 ueram
730 1223 944 1290 accusationis
954 1247 1091 1291 causam.
1114 1222 1229 1291 Iudicii
1239 1224 1376 1312 uestigia

227 1353 386 1416 nusquam
414 1330 561 1396 uidemus
589 1330 652 1395 nisi
680 1329 715 1395 in
741 1329 825 1394 libro
849 1328 893 1416 113
926 1330 972 1395 ibi
1000 1352 1067 1396 esse
1098 1334 1184 1396 certa
1215 1332 1375 1397 neminem

230 1439 336 1525 fugiet
357 1437 413 1522 qui
436 1441 582 1503 accurate
604 1437 786 1522 fragmenta
807 1437 959 1523 perleget.
1001 1437 1160 1515 Quoniam
1184 1459 1260 1503 uero
1283 1437 1377 1523 plura

230 1545 347 1609 iudicia
371 1543 531 1629 descripta
560 1565 628 1609 esse
655 1565 674 1608 a
696 1543 821 1608 Lucilio
849 1565 963 1629 parum
990 1544 1058 1609 veri
1086 1545 1190 1610 simile
1217 1548 1267 1610 est
1293 1545 1375 1630 opti-

229 1673 342 1736 meque
371 1652 551 1738 fragmenta
577 1650 654 1716 libri
672 1649 705 1715 ΙΙ
733 1651 773 1716 ad
800 1650 955 1717 iudicium
983 1650 1063 1717 illud
1090 1655 1228 1736 possunt
1255 1652 1377 1735 referri,

227 1758 311 1823 libro
335 1755 367 1822 Π
390 1755 522 1824 Albucii
549 1762 582 1822 et
609 1756 783 1824 Scaeuolae
811 1780 938 1824 oausam
967 1780 1037 1823 esse
1066 1761 1226 1823 narratam
1261 1757 1376 1844 collegi

229 1865 311 1931 stud.
330 1864 431 1931 Lucil.
450 1888 480 1950 p.
500 1865 638 1950 68seqq.

223 2057 227 2065 ¹
316 1970 425 2057 Atque
448 1971 732 2059 fragmenta'bene
756 1975 873 2038 coeunt
895 1972 930 2037 in
955 1993 1083 2038 causam
1112 1973 1201 2038 illam
1229 1976 1375 2058 repetun-

229 2080 340 2145 darum
364 2080 512 2164 quamuis
536 2083 695 2163 corrupta.
741 2076 873 2145 Albucii
897 2083 972 2145 sunt
994 2103 1023 2143 n.

320 2185 336 2251 Ι
389 2187 487 2252 homo
510 2186 678 2271 inpuratus
701 2190 734 2251 et
756 2186 779 2271 †
801 2187 920 2269 arpano
944 2190 991 2252 est
1015 2187 1153 2271 rapister
1342 2203 1376 2252 oe

317 2291 349 2358 Η
390 2293 575 2377 inpuratum
602 2294 690 2360 hunc
717 2293 752 2358 in
782 2294 891 2360 fauces
922 2293 1049 2359 inuasse
1081 2295 1287 2378 animamque
1342 2310 1376 2359 57

388 2401 511 2467 elisisse
533 2400 583 2466 illi

319 2505 368 2574 ΙΠ
389 2528 476 2575 nuno
489 2506 508 2548 *
522 2529 640 2574 nomen
654 2508 729 2593 iam,
748 2530 829 2593 quae
844 2530 883 2574 ex
897 2507 1034 2574 testibus
1055 2509 1124 2594 ipse
1143 2507 1287 2594 rogando
1342 2525 1375 2573 ea

386 2617 534 2700 exculpe,
556 2615 636 2682 haec
659 2615 763 2680 dicam

315 2722 363 2788 IV
791 2726 829 2788 ut
850 2723 919 2787 iure
941 2722 1064 2808 peritus
1094 2748 1096 2751 ’
1341 2739 1373 2787 81

315 2829 346 2894 V
386 2828 472 2895 Nam
492 2828 570 2913 qnid
589 2829 732 2895 moetino
752 2828 963 2914 subrectoque
981 2829 1058 2895 huic
1074 2849 1156 2915 opus
1171 2830 1286 2916 signo?
1342 2846 1375 2895 78

287 2952 292 2956 ·
387 2935 433 3001 Vt
455 2936 632 3002 lurcaretur
654 2935 780 3002 lardum
803 2941 835 3002 et
858 2937 1002 3002 carnaria
1023 2937 1141 3021 fartim,

385 3043 546 3127 'sparum
569 3043 761 3109 conficeret.
778 3095 806 3107 ..
1341 3059 1375 3109 80

197 3166 204 3178 ‘
315 3147 363 3215 VI
385 3171 451 3215 non
475 3148 562 3215 dico:
594 3150 702 3215 uincat
731 3148 821 3234 licet,
852 3154 885 3216 et
916 3171 1019 3237 uagus
1052 3150 1172 3235 exulat,
1204 3155 1287 3216 erret
1341 3166 1375 3216 82

387 3257 488 3322 exlex.

315 3360 418 3428 Audis
442 3363 541 3429 uerba
564 3363 644 3430 dura
666 3365 861 3431 accusatoris
884 3365 991 3432 acerbi
1014 3369 1048 3430 et
1073 3364 1203 3431 rabulae
1229 3364 1376 3450 furentis,

225 3471 346 3556 figuras
370 3471 536 3555 oratorias,
560 3471 733 3537 dictionem
758 3472 926 3538 forensem.
973 3471 1169 3539 Pronomina
1195 3471 1268 3538 bado
1294 3471 1377 3538 tow

226 3573 280 3662 (lt
295 3573 340 3663 V)
365 3577 582 3644 aduersarium
605 3578 749 3645 indicant
771 3579 827 3664 qui
850 3581 1029 3662 impuratus
1051 3579 1101 3645 bis
1122 3582 1258 3645 uocatur
1276 3577 1375 3667 (LII)
1423 3594 1426 3598 ’

225 3686 258 3748 et
281 3687 394 3749 auctor
416 3684 575 3750 furtorum
599 3688 632 3751 et
654 3685 839 3771 rapinarum
863 3685 953 3750 audit
972 3682 1017 3772 (Ι)
1041 3689 1074 3751 et
1093 3686 1200 3751 caedis
1222 3683 1292 3772 (ll).
1325 3685 1375 3751 De

225 3790 362 3856 testibus
385 3791 621 3878 interrogandis
644 3792 752 3879 agitur
773 3793 955 3879 fragmento
973 3789 1022 3856 ΙΠ
1046 3791 1084 3856 de
1108 3813 1172 3876 quo
1196 3792 1270 3858 uide
1293 3816 1376 3878 quae

226 3897 460 3965 adnotabimus.
497 3896 562 3963 Vbi
586 3899 673 3983 quod
692 3903 888 3964 memoratur
905 3919 1017 3964 nomon
1034 3897 1068 3962 id
1086 3897 1214 3964 uidetur
1232 3921 1301 3965 esse
1319 3905 1377 3965 aut

225 4006 381 4090 pecuniae
404 4004 529 4070 ablatae
552 4010 664 4091 captae
683 4009 810 4071 coactae
830 4003 1018 4071 conciliatae
1036 4027 1166 4071 auersae
1185 4029 1204 4070 a
1223 4028 1279 4072 reo
1299 4005 1374 4094 (leg.

226 4109 350 4179 Aribae
368 4112 616 4197 repetundarum
631 4115 651 4194 ξ
665 4111 686 4176 3
705 4112 739 4176 in
755 4110 885 4178 Brunsii
904 4109 1048 4178 fontibus
1063 4111 1121 4177 iur.
1136 4110 1228 4178 Rom.
1243 4114 1317 4180 edit.
1328 4113 1376 4179 VI

225 4241 255 4303 p.
271 4217 329 4305 59)
349 4242 412 4304 qua
435 4219 474 4284 de
497 4219 732 4305 significatione
750 4219 840 4285 uocis
857 4240 969 4285 noman
988 4219 1066 4285 conf
1081 4219 1218 4305 interpp.
1237 4220 1278 4285 ad
1295 4219 1375 4287 Hor.

226 4323 803 4408 ep.111,1050i0.deoff.11159
827 4324 1124 4393 denatdeoulll
1149 4326 1267 4394 aeaut
1294 4328 1375 4394 illud

225 4451 344 4498 nomen
363 4431 401 4500 de
421 4453 484 4519 quo
505 4430 568 4501 eie.
587 4453 647 4519 pro
665 4431 768 4498 Balbo
789 4434 842 4499 11:
862 4431 994 4500 ‘Audiui
1013 4434 1076 4501 hoc
1094 4434 1133 4501 da
1151 4438 1283 4521 parente
1301 4457 1374 4502 meo
