3052 5024
588 345 868 398 PROLEGOMENA.
1213 345 1301 400 LXIX

153 508 236 574 Tum
265 530 296 593 p.
327 508 457 592 141,13
482 511 514 572 et
538 507 582 571 24
604 506 784 573 ‘Cornelius
806 505 918 591 Nepos
946 508 1131 573 inlustrium
1155 509 1312 604 uirorumx

152 615 236 680 libro
263 615 363 701 XVI',
396 618 430 680 at
456 638 486 699 p.
515 615 660 699 220,12
689 613 811 699 ‘Nepos
841 615 879 678 de
907 615 1097 681 inlustribus
1130 616 1210 681 uiris
1241 616 1300 702 H'3

153 745 184 807 p.
216 721 289 804 128,
304 722 345 786 27
380 721 502 787 ‘Cicero
536 722 574 786 de
608 726 750 797 oratore.
766 722 850 787 libro
878 721 935 805 11²,
965 726 1078 788 contra
1105 746 1135 807 p.
1166 723 1238 806 195,
1253 725 1295 788 27

43 820 45 823 ’
152 828 207 894 ‘ll
240 827 365 894 Tullius
401 829 440 893 de
477 833 604 894 oratore
640 829 679 893 ad
715 828 870 905 Quintum
907 829 1066 915 fratrem'3
1098 852 1130 913 p.
1166 829 1238 914 126,
1257 831 1299 895 23

153 935 246 1001 ‘Cato
279 937 317 1000 de
349 937 452 1001 multa
484 939 595 1000 contra
627 937 661 1002 L.
690 935 835 1001 Furium'
868 937 923 1001 sed
954 959 984 1020 p.
1009 937 1149 1022 208,19.
1181 937 1299 1020 212,1.

156 1043 285 1126 216,11
307 1047 356 1108 ter
370 1043 424 1108 ‘M
440 1042 520 1109 Cato
540 1044 575 1108 in
592 1043 627 1108 L.
642 1043 776 1108 Furium
795 1043 834 1108 de
853 1043 975 1108 multa'.
1009 1040 1300 1110 Grammaticorum

152 1151 284 1216 nomina
314 1172 396 1235 quae
419 1151 453 1215 in
475 1150 537 1217 bac
559 1150 738 1235 posteriore
761 1153 852 1235 parte
876 1152 944 1215 sola
966 1150 1113 1215 nominat
1135 1149 1300 1215 Romanus

153 1280 338 1323 enumerare
370 1259 504 1345 longum
538 1262 598 1323 est:
631 1257 877 1323 commentarios
909 1258 1085 1322 multorum
1117 1257 1151 1321 in
1180 1259 1300 1322 multos

157 1365 329 1449 scriptores
358 1387 431 1431 eum
459 1365 643 1431 adhibuisse
671 1367 793 1430 eertum
822 1367 871 1429 est
893 1364 995 1430 ueluti
1019 1363 1167 1429 adhibuit
1189 1363 1312 1430 Scauri

156 1472 419 1537 commentarium
436 1472 471 1537 in
490 1472 618 1537 Horatii
636 1472 805 1556 poeticam,
823 1467 961 1537 Acronis
980 1475 1012 1535 et
1031 1468 1116 1535 Celsi
1133 1470 1168 1535 in
1186 1469 1300 1536 'Peren-

154 1578 251 1662 tium,
283 1577 367 1644 celsi
400 1578 556 1645 Salutaris
589 1578 675 1645 Velii
707 1578 813 1665 Longi
846 1579 881 1643 in
912 1577 1108 1664 Vergilium,
1139 1576 1234 1642 Pauli
1259 1578 1301 1643 'in

152 1683 333 1767 Afranium,
358 1686 498 1751 eiusdem
523 1686 556 1749 in
575 1683 731 1770 Coelium,
750 1683 848 1770 Aspri
873 1687 907 1750 in
931 1683 1130 1769 Sallustium,
1154 1682 1242 1749 Sacri
1267 1685 1299 1749 in

154 1791 316 1857 Ciceronis
346 1793 521 1877 orationes,
549 1792 702 1858 Sisennae
729 1793 764 1856 in
790 1792 951 1857 Plautum.
1001 1790 1254 1875 Nonnumquam
1283 1814 1300 1855 e

152 1899 391 1965 commentariis
425 1900 520 1985 plura
556 1900 727 1983 exscripsit
759 1921 855 1983 quam
888 1903 999 1983 aptum
1032 1902 1113 1982 erat,
1148 1897 1251 1962 ueluti
1283 1921 1300 1962 e

152 2005 261 2070 Plauti
293 2009 524 2072 commentario
557 2030 587 2091 p.
615 2004 726 2090 240,5
758 2006 836 2070 haec
869 2006 1020 2091 apposuit
1051 2009 1137 2070 recte
1169 2004 1255 2069 edita
1282 2027 1301 2069 a

153 2111 259 2177 Keilio
294 2113 386 2178 ‘euax
413 2113 548 2178 Plautus
576 2113 611 2176 in
637 2112 851 2178 Bacchidibus
880 2109 975 2200 (247)
1003 2112 1108 2177 “euax
1135 2113 1300 2196 aspersisti

154 2219 294 2310 aquam'?
322 2219 370 2284 fili
397 2221 519 2286 nuntio.
566 2220 692 2286 Ennius
716 2242 844 2305 quoque
866 2220 1031 2285 annalium
1053 2219 1137 2284 libro
1161 2219 1301 2303 “aquast

153 2347 281 2411 aspersa
303 2326 473 2393 Latinis''’
497 2349 579 2412 quae
601 2327 685 2393 nihil
702 2328 866 2412 pertinent
884 2327 925 2392 ad
942 2347 1022 2392 euuu
1042 2325 1182 2413 glossam
1202 2348 1299 2411 quam

154 2435 188 2498 in
211 2433 310 2499 heroo
339 2433 479 2500 carmine
508 2435 608 2499 fuisse
632 2434 764 2500 minime
788 2434 872 2500 credi
895 2437 1010 2517 potest.
1056 2432 1180 2498 Eodem
1203 2433 1299 2498 modo

153 2563 192 2605 ex
221 2540 332 2606 eodem
362 2541 592 2607 commentario
620 2565 650 2627 p.
675 2540 785 2626 205,5
813 2540 977 2606 ‘meditate
999 2539 1135 2605 Plautus
1165 2540 1199 2603 in
1221 2540 1299 2604 Bac-

152 2646 299 2713 chidibus
319 2645 413 2735 (545)
435 2648 572 2733 “edepol
590 2671 631 2714 ne
650 2652 687 2714 tu
705 2648 836 2713 illorum
854 2669 960 2713 mores
978 2669 1133 2733 perquam
1146 2646 1299 2712 meditate

152 2754 266 2820 tenes''
289 2756 323 2820 in
347 2756 540 2841 quibusdam
562 2779 629 2822 non
655 2756 776 2822 terunt’
801 2755 963 2844 (feruntur
985 2755 1195 2821 Ritschelius:
1225 2756 1303 2821 conf

152 2886 182 2947 p.
208 2862 281 2946 199,
298 2861 362 2950 11).
404 2862 568 2928 Aduerbio
591 2886 672 2948 quae
696 2887 713 2928 e
732 2863 858 2929 Lucilio
881 2862 1018 2947 protulit
1036 2863 1201 2928 Romanus
1220 2863 1300 2928 haec

152 2973 229 3034 sunt
247 2973 412 3053 quattuor:
437 2971 575 3055 amplius
593 2973 690 3058 longe
710 2972 787 3036 satis
811 2974 932 3055 utpote.
969 2969 1033 3036 Sed
1051 2970 1130 3035 haec
1149 2969 1300 3035 aduerbia

153 3097 169 3139 e
192 3074 318 3142 Lucilio
342 3077 413 3162 ipso
438 3081 567 3162 sumpta
589 3099 655 3142 non
683 3082 772 3159 sunt,
800 3078 857 3142 ubi
885 3079 938 3142 uel
960 3077 1164 3142 mediocriter
1186 3078 1299 3142 doctus

152 3184 380 3268 grammaticus
408 3188 537 3271 poterat
564 3186 668 3250 multo
697 3183 830 3250 meliora
857 3186 1004 3268 exempla
1030 3184 1174 3249 inuenire
1197 3183 1299 3248 ueluti

152 3290 298 3373 urnpiiter
333 3293 466 3373 firmiter
501 3293 659 3376 ipuuuitcu
692 3293 831 3376 demupis
863 3292 998 3357 desubito
1024 3290 1195 3374 publicitus
1226 3289 1298 3354 elia.

150 3395 264 3481 ltaque
292 3418 368 3463 casu
395 3399 518 3465 factum
546 3420 616 3464 esse
642 3398 832 3486 negabimus
861 3399 948 3483 quod
977 3395 1059 3463 illud
1080 3398 1298 3483 fragmentum

153 3505 239 3588 quod
275 3506 380 3589 primo
412 3506 484 3571 loco
498 3548 501 3552 Δ
517 3507 660 3592 positum
693 3510 743 3571 est
774 3529 805 3590 p.
831 3505 939 3590 195,6
968 3504 1119 3590 ‘amplius
1154 3503 1298 3570 Lucilius

154 3613 334 3677 saturarum
346 3612 364 3679 I
378 3611 424 3701 (u.
439 3612 545 3700 bseq.)
562 3613 651 3698 “quo
669 3616 764 3698 pacto
780 3612 983 3698 populum'’'
999 3636 1025 3677 e.
1040 3634 1070 3696 q.
1085 3635 1108 3678 s.
1123 3612 1266 3677 adfertur
1280 3635 1298 3676 a

153 3717 327 3785 scholiasta
342 3715 521 3787 Veronensi
535 3722 575 3785 ad
589 3719 668 3786 Aen.
682 3719 745 3785 XII
760 3719 834 3804 680,
849 3718 985 3784 alterum
999 3742 1029 3803 p.
1044 3718 1119 3803 203,
1133 3719 1177 3783 20
1191 3719 1298 3804 ‘longe

151 3847 212 3909 pro
235 3826 437 3913 longitudine
454 3826 598 3892 Lucilius
621 3829 802 3892 saturarum
827 3824 876 3891 Π]
895 3824 938 3913 (u.
962 3823 1039 3912 114)
1059 3847 1084 3889 e.
1105 3848 1133 3909 q.
1154 3826 1189 3890 ι’
1213 3826 1298 3911 posi-

151 3936 221 3997 tum
254 3936 303 3999 est
334 3937 410 4018 post
443 3932 582 4019 Vergilii
614 3933 713 3998 uerba
744 3929 823 3998 Aen.
846 3931 919 3997 113
943 3930 1169 4017 ‘Tiberinaque
1201 3933 1298 4016 longe

153 4039 257 4125 ostia'‚
284 4042 417 4106 tertium
445 4064 476 4125 p.
504 4039 636 4124 217,25
665 4040 755 4105 ‘satis
783 4040 909 4106 diuersa
937 4039 1106 4124 accipitur,
1134 4036 1208 4104 duri
1237 4046 1297 4102 τοῦ

151 4170 210 4232 par
236 4147 381 4214 Lucilius
413 4151 593 4214 saturarum
626 4145 749 4234 (incert.
778 4172 807 4213 u.
838 4147 937 4230 1147)
963 4169 979 4208 ι
1004 4145 1068 4211 ‘cui
1096 4146 1125 4211 si
1152 4144 1299 4210 coniuret

151 4257 291 4340 populus
318 4255 375 4321 uix
402 4259 491 4320 totus
518 4255 596 4321 satis
620 4255 672 4320 sit'
697 4256 805 4340 potuit
828 4254 966 4320 adscribi
988 4255 1028 4320 ad
1050 4252 1172 4338 Vergil.
1217 4248 1297 4317 Aen.

152 4361 216 4427 VH
234 4363 301 4426 470
340 4363 386 4429 ‘se
423 4362 502 4428 satis
535 4362 691 4428 ambobus
723 4361 919 4446 Teucrisque
950 4362 1061 4426 uenire
1095 4359 1296 4444 Latinisque'

153 4469 291 4555 denique
326 4494 356 4558 p.
381 4469 456 4555 223,
477 4471 518 4536 21
554 4469 689 4556 ‘thote
720 4468 864 4534 Lucilius
895 4467 945 4533 III
977 4465 1020 4555 (u.
1051 4464 1129 4555 147)
1157 4490 1173 4528 ι
1203 4489 1296 4533 suum
