3082 5018
193 321 237 385 24
620 320 660 374 IX
677 324 908 375 133638-644.

196 483 348 568 scaberet,
371 487 408 548 ut
431 505 548 569 porcus
572 484 718 549 contritis
738 483 851 549 arbore
875 484 973 548 costis

195 662 223 727 si
245 662 330 727 nihil
352 661 532 727 adfaciem
555 666 588 726 et
611 662 639 727 si
662 661 741 726 olim
763 660 840 746 lupa
864 661 1154 747 prostibulumque‚

124 784 175 834 333
195 768 320 834 nummi
344 790 435 854 opus,
460 772 556 853 atque
578 769 661 834 subii

195 948 323 1032 arripio,
347 951 380 1012 et
401 950 543 1012 rostmm
566 945 736 1031 labeasque
759 946 822 1012 hoe
843 914 1030 1012 dociferanti

195 1053 340 1138 percutio
365 1053 539 1139 dentesque
563 1055 717 1119 aduersos
740 1053 878 1118 discutio
902 1053 1016 1118 omnis,

759 1248 780 1313 2

194 1378 260 1421 non
282 1356 363 1422 haec
386 1356 462 1441 quid
486 1356 600 1440 ualeat,
624 1356 743 1441 quidue
765 1356 828 1421 hoc
851 1356 998 1421 intersiet
1020 1355 1111 1441 illud,

195 1463 371 1550 cognoscis.
395 1463 537 1548 primum
560 1463 631 1542 hoc,
656 1463 742 1547 quod
765 1463 902 1528 dicimus
926 1485 994 1528 esse
1017 1485 1140 1548 poema.

124 1585 176 1635 840
195 1592 270 1654 pars
293 1573 342 1634 est
365 1593 466 1655 parua
488 1591 610 1655 poema.
924 1579 925 1582 ’

194 1803 211 1814 .
225 1785 244 1812 υ
267 1748 404 1832 epistula
426 1749 504 1812 item
529 1748 661 1832 quaeuis
684 1770 750 1814 non
773 1770 891 1835 magne
912 1770 1028 1833 poema
1051 1751 1107 1814 est.

196 1854 252 1919 ille
274 1856 380 1940 poesis
405 1878 486 1939 opus
509 1858 625 1939 totum,
648 1852 822 1942 (tota[que]
847 1853 925 1920 ilias
948 1876 1013 1921 uae

196 1966 253 2046 est,
276 1985 340 2027 una
362 1965 401 2042 ut
422 1961 517 2044 θέσις
541 1960 670 2026 annales
692 1961 792 2045 Enni)
819 1965 916 2046 etque
938 1982 1016 2045 opas
1037 1984 1138 2027 unum

195 2073 252 2155 est,
276 2070 379 2135 maius
403 2071 506 2134 multo
531 2072 580 2133 est
603 2091 698 2153 quam
723 2069 810 2153 quod
833 2069 901 2133 dixi
924 2073 997 2134 ante
1019 2090 1142 2154 poema.

125 2190 176 2241 343
197 2197 261 2259 qua
282 2180 415 2261 propter
439 2177 524 2242 dico:
547 2197 642 2240 nemo
667 2175 723 2260 qui
748 2174 857 2258 culpat
879 2174 1068 2260 Homerum,

195 2287 351 2368 perpetuo
376 2284 494 2367 culpat,
516 2304 622 2366 neque
645 2283 732 2366 quod
755 2282 823 2347 dixi
846 2286 920 2348 ante
943 2283 1071 2367 poesia:

196 2413 326 2456 uersum
350 2413 450 2455 unum
474 2391 592 2475 culpat,
616 2388 761 2474 uerbum,
784 2393 975 2474 entymema,
998 2389 1097 2455 locum
1119 2390 1270 2474 (mm).

126 2584 177 2633 343
242 2568 419 2652 Porphyrio
442 2569 486 2632 ud
503 2568 636 2633 Horatii
653 2588 743 2634 serm
757 2568 783 2633 I
791 2573 840 2647 10,
855 2570 897 2632 53
916 2567 988 2632 ‘Nd
1005 2569 1101 2634 comis
1118 2569 1232 2651 33933·
1250 2550 1355 2634 malai

241 2674 518 2741 1333334333
545 2675 664 2740 “Facit
686 2680 789 2740 uatem
811 2675 887 2740 daec
909 2674 1053 2741 haalim
1074 2695 1145 2741 cam
1172 2675 1257 2741 aiios
1283 2682 1353 2741 tum

240 2783 290 2847 ud
315 2783 452 2847 maxime
474 2783 510 2846 ia
533 2784 621 2847 tedio
644 2781 739 2846 titre:
763 2783 907 2847 meminit
934 2782 1050 2848 VIIII
1067 2787 1095 2847 et
1119 2781 1187 2847 X.''

840 2959 952 3038 labora

125 3082 179 3132 350
198 3068 328 3152 discere,
350 3089 391 3133 ne
414 3071 446 3146 te
469 3089 520 3145 nes
545 3068 614 3151 ipsa
637 3088 674 3132 ae
696 3067 779 3132 ratio
804 3067 874 3153 ipsa
894 3067 1028 3132 refellat.

197 3245 227 3310 A
251 3246 391 3329 primum
415 3248 477 3329 est,
504 3245 582 3310 hinc
604 3244 767 3330 incipiam,
791 3250 823 3310 et
850 3267 931 3330 quae
958 3246 1091 3311 nomina
1117 3246 1156 3311 ab
1180 3246 1243 3310 hoe
1267 3249 1355 3330 sunt,

108 3361 176 3418 351⁸
197 3352 318 3417 deinde.

198 3552 239 3595 ac
262 3530 402 3615 primum
425 3528 533 3616 longa,
555 3530 619 3614 <3>
641 3530 750 3596 breuis
775 3530 906 3617 syllaba.
952 3553 1012 3597 nos
1035 3535 1143 3596 tamen
1168 3552 1270 3595 unum

269 3731 329 3787 333
347 3731 482 3787 Priscian.
499 3731 585 3787 GLII
602 3751 630 3803 p.
646 3733 765 3801 50⁷‚1K
823 3731 883 3788 334
896 3733 969 3788 Non.
984 3751 1011 3803 p.
1026 3737 1114 3800 leae
1170 3731 1229 3787 335
1243 3731 1356 3786 nummi

197 3813 314 3882 Idpsiue
327 3812 406 3867 numi
420 3815 447 3868 L
461 3830 495 3867 m.
511 3819 527 3867 1
542 3813 653 3868 numini
666 3814 766 3883 reliqui
816 3813 905 3886 subit]
920 3812 997 3869 obsit
1046 3812 1105 3868 333
1119 3813 1192 3867 Non.
1207 3831 1234 3882 p.
1246 3816 1306 3878 455,
1318 3818 1352 3867 16

196 3894 351 3963 labeasque
382 3895 534 3966 Redimus]
566 3893 632 3949 labe
659 3896 746 3963 atque
817 3894 871 3948 hoe
903 3893 1085 3965 uociferanti]
1117 3894 1172 3949 hoc
1205 3892 1360 3948 zeferiatim

197 3974 256 4030 338
275 3974 347 4029 Non.
366 3993 393 4044 p.
409 3979 501 4044 dnae
556 3974 674 4030 ualeant
691 3976 891 4031 Lucdcmwaue
946 3973 1013 4029 hnic
1030 3975 1055 4028 I.
1070 3976 1185 4030 Decea:
1202 3973 1256 4028 hoc
1275 3973 1352 4028 atla·

196 4057 273 4112 tiace
326 4052 385 4110 341
404 4055 476 4109 Non.
500 4073 527 4125 p.
543 4061 605 4123 428,
621 4061 653 4109 12
709 4053 767 4110 343
792 4057 853 4111 tote
876 4055 1087 4126 neomaenia]
1113 4057 1231 4123 totaque
1284 4052 1357 4107 Iliae

197 4153 254 4190 une
277 4138 301 4191 1.
320 4137 420 4191 Decea
443 4135 494 4189 illa
518 4151 627 4189 summa
699 4133 758 4191 343
781 4139 814 4191 33
837 4137 920 4208 θέεις]
948 4138 1019 4191 θέει(
1041 4137 1085 4190 ut:
1114 4150 1172 4189 una
1199 4134 1292 4205 poesis
1319 4134 1353 4188 ut

198 4216 305 4272 Mauro
364 4216 447 4288 opus]
467 4219 534 4271 ἔπο(
552 4217 761 4289 3333333333]
785 4219 846 4271 stoc
901 4214 961 4271 343
978 4215 1078 4285 poesin
1100 4214 1129 4269 in
1177 4212 1234 4270 347
1259 4214 1355 4268 locum

198 4295 341 4369 <camn>]
351 4296 480 4351 locumue
489 4296 700 4352 Loelmiaaace:
715 4296 881 4351 timaloeum
934 4293 994 4351 343
1007 4295 1116 4364 Nonp,
1128 4300 1189 4364 286,
1201 4294 1353 4350 addiscere

197 4374 297 4429 labore
310 4393 346 4431 ne
359 4392 404 4430 res
418 4379 459 4432 te:
475 4393 542 4432 corr.
558 4377 694 4431 LDousa
743 4375 801 4431 351
817 4376 928 4433 Terent.
944 4375 1038 4430 Seeur.
1054 4375 1101 4430 GL
1114 4375 1167 4431 VII
1184 4393 1212 4445 p.
1228 4380 1271 4443 18,
1287 4373 1354 4429 171(

198 4454 257 4510 352
277 4471 313 4510 33
337 4457 512 4528 Raudiis]
536 4472 553 4509 3
607 4457 742 4529 primum]
766 4457 909 4528 geminum
932 4457 1004 4512 idem
1063 4455 1124 4529 (a)
1148 4457 1261 4512 addidit
1282 4455 1360 4510 idem
