3052 5024
602 342 882 395 PROLEGOMENA.
1229 341 1316 397 LXXI

170 506 255 590 apud
278 504 479 570 Priscianum
502 502 518 568 l
539 527 570 588 p.
595 503 704 587 529,ss
723 503 764 568 H.
787 505 914 590 legatur
933 503 1000 569 ‘sed
1018 504 1143 570 Probus
1162 504 1314 572 “occini’'

169 634 297 697 quoque
320 612 483 677 existimat
505 632 599 695 posse
623 610 707 695 dici',
729 633 824 676 nemo
849 611 1020 694 dubitabit,
1043 611 1121 695 quin
1144 612 1315 680 Diomedes

169 722 203 784 in
230 723 299 784 toto
323 718 380 783 illo
405 719 509 802 capite
533 716 572 781 de
594 718 735 802 perfecto
759 716 865 782 Probo
889 740 966 782 usus
989 718 1099 801 fuerit,
1128 719 1184 803 qu'i
1206 742 1316 785 reuera

168 827 355 891 nominatur
378 849 396 889 a
418 823 575 889 Diomede
598 846 628 908 p.
653 823 728 907 364,
742 823 793 888 30.
817 822 958 907 365,10.
1001 822 1102 901 Quam
1126 825 1224 891 Keilii
1248 849 1316 895 sen·

172 934 307 998 tentiam
331 930 358 997 G
380 932 406 996 L
426 930 446 1027 ΙΙ
464 954 494 1015 p.
513 929 573 996 Lll
596 952 682 1014 seqq.
697 931 865 1015 prolatam
889 931 936 994 ita
958 932 1182 996 tantummodo
1205 932 1316 1000 licebit

170 1040 339 1126 corrigere,
357 1043 394 1103 ut
413 1041 445 1102 et
464 1037 549 1122 apud
567 1036 758 1102 Diomedem
778 1039 810 1101 et
828 1037 914 1121 apud
928 1035 1109 1104 Charisium
1128 1041 1315 1124 posterioris

169 1145 304 1211 alicuius
332 1144 512 1228 scriptoris,
540 1145 597 1228 qui
624 1142 766 1207 Probum
795 1143 834 1207 ad
862 1142 996 1208 uerbum
1025 1145 1242 1230 exscripserit,
1270 1148 1316 1212 di·

170 1253 388 1337 sputationem
411 1251 505 1316 nobis
534 1273 602 1316 esse
630 1254 788 1341 seruatam
817 1251 965 1316 statuerit
993 1253 1162 1337 quispiam.
1213 1253 1315 1330 Quam

169 1359 389 1442 quaestionem
404 1380 488 1424 1111110
504 1359 609 1444 mitto,
624 1379 696 1423 cum
711 1357 751 1422 ad
761 1379 830 1422 eam
841 1380 937 1442 quam
946 1379 1006 1423 nos
1016 1361 1190 1451 tractamus
1200 1382 1315 1446 parum

168 1466 335 1550 pertineat.
385 1464 474 1551 Ergo
508 1487 590 1549 quae
622 1466 656 1529 in
689 1465 793 1549 capite
820 1464 858 1529 de
886 1465 985 1530 uerbo
1013 1467 1099 1549 apud
1127 1466 1312 1534 Diomedem

168 1575 321 1658 legrmtur
352 1596 382 1657 p.
412 1573 487 1657 369,
510 1570 655 1656 15-24‚
687 1593 724 1636 ca
751 1570 849 1636 Probi
882 1593 950 1636 esse
978 1576 1125 1658 apparet:
1158 1574 1316 1661 neglego,

168 1679 309 1766 neglexi:
328 1678 488 1745 Aemilius
501 1679 610 1744 Macer
629 1678 797 1743 “omniurn
816 1683 963 1744 nostrum
981 1679 1160 1767 neglegerit
1179 1684 1315 1747 auctori-

169 1786 315 1863 tatem''.'
360 1784 450 1852 Idem
479 1787 590 1851 eodem
619 1786 714 1850 modo
744 1789 930 1871 corruptum
954 1785 1053 1852 Probi
1077 1789 1240 1872 exemplar
1263 1783 1315 1853 ad-

168 1893 276 1958 hibuit
311 1892 493 1958 Priscianus
521 1892 589 1978 lp.
619 1890 729 1977 5263
758 1892 906 1979 ‘neglego
933 1893 1141 1979 neglexi...
1166 1896 1315 1979 quamuis

168 2001 191 2083 †
213 1999 373 2064 Aemilius
402 1999 509 2065 Macer
536 2002 571 2064 in
593 1998 672 2064 XVI
700 1999 863 2064 annalium
891 1999 1060 2065 “omnium
1088 2004 1234 2067 nostrum
1262 2025 1315 2067 ne-

169 2108 305 2193 glegerit
320 2106 570 2174 auctoritatem''
585 2129 644 2191 pro
656 2105 882 2192 “neglexerit''
897 2106 961 2171 ait'.
986 2105 1150 2172 Nimirum
1164 2108 1228 2173 alio
1242 2111 1314 2175 loco

168 2215 231 2279 alio
262 2218 393 2280 auctore
421 2237 498 2279 usus
526 2212 710 2279 Priscianus
738 2211 823 2297 Hp.
848 2214 878 2296 8,
893 2213 922 2278 8.
945 2212 961 2277 l
984 2238 1014 2298 p.
1039 2214 1158 2299 227,1.
1183 2215 1257 2299 266,
1272 2216 1315 2281 23

167 2325 217 2386 ter
244 2321 355 2386 eodem
384 2321 480 2386 modo
510 2319 556 2386 Ὃ.
585 2321 731 2386 Licinius
757 2323 793 2386 ia
816 2320 883 2406 11²3
916 2320 971 2385 sed
999 2323 1113 2405 quarto
1141 2323 1227 2406 loco,
1259 2322 1315 2386 ubi

167 2427 273 2493 Probo
301 2431 432 2493 auctore
460 2451 537 2493 usus
564 2431 614 2493 est
636 2427 652 2492 l
675 2451 705 2512 p.
729 2427 875 2511 242‚20,
902 2426 965 2492 hoe
993 2428 1102 2493 modo:
1130 2428 1218 2493 ‘nam
1245 2428 1314 2493 “in-

168 2534 292 2618 quies’',
316 2536 406 2600 cuius
426 2538 601 2600 extremam
621 2535 740 2620 corripi
759 2534 837 2598 dicit
854 2532 979 2599 Probus
999 2533 1202 2618 “inquietis''
1221 2535 1315 2600 decli-

167 2645 270 2726 natur,
294 2642 381 2726 quod
403 2642 502 2707 trium
525 2642 647 2707 factum
671 2644 720 2707 est
743 2662 905 2726 generum,
928 2643 965 2705 ut
988 2663 1084 2726 supra
1108 2643 1314 2708 ostendimus.

168 2750 258 2813 cuius
278 2741 375 2813 ctiam
395 2748 531 2834 simplex
549 2749 584 2813 in
602 2772 663 2814 usu
681 2749 846 2813 inuenitur
859 2749 958 2813 trium
974 2769 1134 2833 generum.
1157 2748 1314 2815 ¹Naeuius

168 2857 202 2921 in
231 2856 371 2921 carmine
398 2855 476 2921 belli
498 2855 613 2922 Punici
712 2857 858 2922 Licinias
881 2857 993 2922 Macer
1020 2857 1056 2921 ire
1079 2857 1104 2921 I
1126 2857 1240 2949 oraculi

168 2961 340 3028 Sallustius
368 2964 402 3028 in
425 2962 457 3028 Π
484 2963 691 3028 historiarum
712 2963 776 3029 ...'
819 2962 972 3047 Sequitur
999 2962 1085 3047 apud
1112 2962 1314 3029 Diomedem:
1403 2999 1405 3003 Α

169 3069 273 3134 ‘necto
293 3069 363 3154 <acl
384 3071 482 3155 acco>
500 3071 599 3135 nexui
617 3070 670 3136 uel
688 3071 772 3155 nexi,
795 3069 959 3156 Vergilius
979 3069 1127 3154 “palmas
1147 3070 1314 3135 amborum

168 3177 315 3241 innexuit
338 3177 459 3242 armis'’
478 3176 592 3242 Liuius
616 3177 650 3241 in
669 3175 811 3261 Odyssea
834 3177 1014 3242 “nexebant
1033 3175 1136 3241 multa
1154 3179 1238 3242 inter
1257 3177 1314 3243 se’'

167 3282 334 3349 Maecenas
363 3283 506 3355 “nexisti
528 3285 610 3348 retia
632 3283 740 3348 lect0''
764 3283 908 3349 Lucilius
932 3286 1112 3348 saturarum
1136 3281 1205 3370 (lib.
1230 3282 1262 3347 V
1284 3309 1314 3349 u.

168 3389 246 3454 217:
274 3396 454 3474 satyrarum
481 3411 629 3456 curarum
657 3388 752 3478 codd)
780 3390 874 3454 “tum
905 3391 987 3455 retia
1017 3389 1152 3455 necit''.'
1202 3389 1315 3476 Itaque

169 3519 232 3582 quo
255 3501 325 3562 tota
346 3498 426 3563 haec
444 3498 549 3563 tendit
567 3498 744 3583 disputatio
762 3498 860 3562 nimis
879 3499 943 3562 iam
963 3499 1101 3583 copiosa,
1120 3498 1316 3565 demonstra-

168 3608 238 3669 tum
257 3608 305 3669 est
323 3604 466 3670 Probum
486 3606 587 3670 solere
607 3604 722 3670 addere
740 3605 926 3691 genetiuum
944 3610 1126 3671 suturarum
1145 3607 1180 3669 in
1197 3605 1315 3670 Lucilii

167 3711 247 3777 locis
278 3711 465 3778 adferendis.
516 3712 588 3777 Hoc
619 3713 691 3777 loco
722 3712 868 3796 agnoscit
895 3712 1120 3777 tantummodo
1151 3717 1234 3776 aceto
1262 3713 1315 3776 uel

167 3839 244 3883 cccco
267 3821 357 3884 accis
380 3819 494 3884 tertiae
513 3819 758 3904 coniugationis,
781 3819 872 3885 cuius
891 3817 1069 3903 perfeetum
1089 3820 1131 3885 sit
1148 3820 1244 3884 acaci
1262 3820 1315 3882 uel

166 3927 248 3990 acci.
304 3924 447 3990 Probum
479 3925 644 4012 redarguit
677 3925 704 3991 is
737 3947 800 4009 quo
833 3924 1018 3990 Priscianus
1050 3926 1153 3990 utitur
1185 3927 1314 3988 auctore

166 4031 183 4096 I
205 4055 236 4116 p.
260 4030 335 4115 469,
352 4031 402 4117 12,
426 4055 499 4098 cum
523 4031 721 4097 demonstret
743 4032 840 4097 etiam
863 4053 939 4098 ccco
958 4051 1055 4097 accus
1073 4030 1195 4096 dictum
1213 4019 1313 4095 fuisse
1347 4020 1349 4023 ⁵

167 4161 187 4202 a
213 4137 374 4224 Vergilio:
403 4139 497 4204 ‘nexo
521 4160 649 4223 quoque
673 4138 818 4204 “nexas''
842 4176 884 4185 —
908 4138 962 4203 uel
985 4136 1123 4203 “nexis''
1147 4138 1184 4200 ut
1205 4135 1312 4201 Probo

167 4247 282 4330 placet,
301 4245 455 4311 “nexui'’.
491 4245 656 4333 Vergilius
675 4249 784 4311 tamen
802 4246 837 4312 in
850 4244 882 4310 V
900 4245 1094 4311 “nexantem
1108 4243 1201 4308 nodis
1217 4264 1313 4339 seque

167 4354 202 4417 in
235 4375 292 4418 sua
319 4354 462 4419 membra
489 4351 687 4436 plicantem''
716 4352 891 4418 secundum
918 4353 1057 4438 primam
1080 4350 1216 4435 protulit
1240 4371 1313 4415 con·

167 4459 374 4544 iugationem.
421 4458 534 4526 Liuius
562 4480 639 4526 uero
667 4460 701 4525 in
729 4457 867 4546 Odyssia
894 4459 1078 4525 “nexebanb
1100 4456 1203 4525 multa
1230 4456 1314 4526 inter
