3052 5024
572 306 851 360 PROLEGOMENA.
1211 299 1289 354 XXV

228 471 278 536 De
300 471 396 537 rebus
419 469 519 557 gestis
543 469 660 536 Lucilii
683 473 716 535 et
738 468 776 534 de
799 468 868 534 uita
890 468 958 533 eius
977 465 1081 551 qualis
1100 465 1198 532 1111111
1216 461 1498 556 ante⁸⁶¹²¹⁴mm⁶¹222²

141 580 263 646 bellum
285 576 531 658 Numantinum,
554 576 636 643 nihil
658 576 812 642 traditum
836 579 885 641 est
907 575 993 662 apud
1015 574 1178 658 antiquos:
1201 573 1288 638 bello

140 684 341 752 Numantino
364 706 461 771 eques
484 684 540 750 ille
569 685 723 751 militauit
745 687 874 750 auctore
898 681 1024 747 Velleio
1047 681 1128 764 Π9,
1146 681 1168 746 3
1187 678 1288 767 (testi-
1397 741 1401 747 .

141 815 226 858 mon.
241 788 290 879 9),
322 813 479 858 annorum
512 792 539 857 si
570 795 656 857 recte
687 790 826 856 natalem
855 811 952 874 supra
978 788 1145 874 posuimus
1175 786 1287 853 XLVI.

140 897 216 966 Fuit
238 900 338 986 igitur
356 901 391 964 in
408 899 567 984 Hispania
585 899 676 965 annis
696 896 846 985 oaos134
864 901 897 963 et
915 893 1065 981 621s133
1084 917 1208 961 menses
1226 894 1289 960 XV

143 1003 268 1092 (Vellei.
284 1004 317 1072 Π
334 1007 364 1091 4,
378 1005 424 1095 2),
448 1005 607 1091 Scipionis
630 1005 805 1071 Aemiliani
824 1003 1070 1086 contubernalis,
1092 1002 1176 1068 unde
1194 1003 1290 1068 rediit

141 1117 315 1180 auctumno
343 1113 419 1178 anni
446 1112 596 1197 621f133
624 1111 762 1177 Romam
790 1111 878 1199 (uide
905 1110 945 1176 ad
972 1111 1027 1177 lib.
1046 1107 1155 1175 XXVI
1178 1132 1207 1174 11.
1223 1108 1288 1175 592

142 1217 251 1307 seqq).
312 1219 480 1306 Stipendia
522 1220 639 1286 menrit
675 1220 710 1284 in
745 1218 904 1303 Hispania
938 1222 1047 1304 poeta,
1084 1238 1148 1302 quo
1186 1217 1289 1302 magis

142 1326 287 1412 Scipioni
308 1329 458 1414 placeret,
482 1328 535 1394 cui
557 1350 638 1413 opus
661 1329 730 1392 erat
752 1326 942 1392 111111ο111111
961 1326 1113 1391 1111111111
1132 1345 1214 1409 equo
1234 1322 1289 1389 sed

142 1435 289 1520 inprimis
316 1456 457 1500 nummo.
509 1433 659 1500 Traditur
685 1432 799 1519 [Plut]
827 1432 1031 1520 apopthegm.
1052 1430 1136 1517 Scip.
1155 1432 1231 1498 min.
1247 1430 1288 1496 15

143 1539 359 1627 εὡρμημένων
368 1541 406 1608 dt
419 1546 552 1608 πολλῶν
566 1538 619 1608 ἐπὶ
633 1542 694 1626 τὴν
709 1542 893 1627 στρατείαν,
907 1538 1074 1606 καὶτοῦτο
1089 1540 1290 1605 διεκώλυσεν

141 1650 161 1732 η
189 1649 373 1733 σύγκλητος
400 1649 445 1726 ὡς
472 1647 595 1734 ἐρήμου
623 1657 681 1732 τῆς
704 1647 843 1726 Ἰταλίας
869 1645 1034 1731 ἐσομένης.
1064 1644 1120 1712 καὶ
1143 1647 1290 1732 χρήματα

141 1759 256 1840 λαβεῖν
269 1765 336 1821 τῶν
350 1753 492 1841 ἑτοίμων
510 1755 572 1822 οὐκ
591 1762 716 1840 scaeua,
735 1755 818 1822 ἀλλὰ
835 1756 892 1832 τὰς
910 1755 1087 1833 τελωνικὰς
1103 1755 1291 1840 προσόδους

141 1860 303 1941 ἀπέταξαν
327 1863 418 1929 οὔπω
441 1865 565 1950 χρόνον
588 1862 734 1948 ἐχούσας.
758 1862 776 1929 ὁ
800 1859 837 1928 dt
860 1863 1014 1928 Σκιπίων
1035 1862 1211 1949 χρημάτων
1229 1857 1290 1945 μὲν

140 1971 202 2054 οὐχ
229 1972 293 2055 ἔφη
322 1972 471 2055 δεῖσθαι,
498 1970 538 2035 τὰ
560 1969 624 2057 γὰρ
648 1966 768 2035 ἑαυτοῦ
791 1966 846 2035 καὶ
869 1979 937 2035 τῶν
959 1970 1068 2054 φίλων
1090 1965 1290 2055 ἑξαρκέσειντ

140 2077 174 2142 in
198 2078 315 2161 quibus
339 2077 451 2143 amicis
474 2077 635 2143 Lucilium
659 2077 888 2142 diuitissimum
916 2077 1016 2143 fuisse
1041 2079 1290 2142 consentaneum

141 2188 196 2250 est.
248 2182 358 2269 Atque
389 2184 428 2250 de
461 2186 592 2251 cohorte
624 2185 797 2270 praetoria,
831 2184 869 2249 de
896 2184 1037 2250 militum
1070 2206 1151 2269 quos
1182 2181 1290 2268 Scipio

140 2292 285 2358 coercuit·
313 2293 441 2359 luxuria
472 2291 594 2359 desidia
626 2291 866 2378 superstitione,
904 2292 942 2358 de
973 2291 1101 2358 fortiter
1132 2291 1226 2358 factis
1258 2296 1304 2358 et*

141 2399 267 2486 ignaue,
291 2399 330 2464 de
352 2398 476 2465 Hibera
498 2404 584 2465 terra
606 2401 727 2486 passim
749 2401 784 2465 in
812 2401 929 2466 saturis
953 2404 1062 2486 egerat
1084 2403 1193 2484 poeta:
1217 2398 1291 2465 uide

141 2506 182 2572 ad
208 2505 294 2570 lib.I
313 2529 343 2570 u.
361 2506 403 2571 10
425 2505 489 2571 VH
512 2531 542 2573 11.
561 2507 626 2572 288
653 2529 717 2592 seq.
732 2505 779 2572 XI
797 2530 826 2572 u.
847 2507 912 2572 398
932 2529 996 2592 seq.
1010 2505 1076 2571 405
1101 2528 1164 2591 seq.
1180 2504 1242 2570 XV
1260 2528 1289 2570 u.

140 2612 207 2678 490
230 2611 437 2679 rivaret
458 2635 544 2698 seqq.
595 2614 770 2699 ltquitibus
800 2617 946 2700 praeerat
972 2611 1156 2679 P.Rutilius
1185 2612 1291 2679 11111111

140 2720 349 2787 historiarum
378 2721 516 2806 scriptor
544 2718 695 2808 (Appian.
711 2720 790 2788 lber.
807 2721 862 2787 88:
889 2720 964 2786 uide
991 2721 1031 2785 ed
1058 2719 1113 2786 lib.
1128 2719 1237 2785 XXVI
1260 2745 1289 2785 u.

142 2826 233 2913 594),
254 2826 405 2894 tribunus
429 2827 568 2894 militum
591 2830 647 2914 qui
665 2833 749 2896 esset
767 2833 804 2896 ut
823 2827 1032 2914 Sempronius
1050 2825 1173 2894 Asellio
1192 2827 1291 2893 histo·

141 2935 225 3001 ricus
263 2935 298 3000 in
334 2936 476 3002 exercitu
514 2936 674 3021 Scipionis
714 2932 807 3023 ((1111.
825 2935 858 3002 Π
881 2936 937 3020 13,
965 2936 1012 3020 3);
1049 2957 1114 3000 una
1149 2935 1292 3000 merebat

142 3041 174 3107 C.
191 3041 353 3109 Gracchus
372 3039 470 3129 (Plut.
486 3042 533 3108 Ti.
549 3041 679 3111 Gracch.
698 3043 747 3128 13,
768 3040 812 3130 1),
832 3043 911 3110 illuc
929 3043 1117 3128 elephantos
1137 3046 1169 3109 et
1186 3043 1291 3108 leuem

141 3154 337 3216 armaturam
366 3149 499 3215 adduxit
526 3149 685 3237 Iugintha
712 3151 768 3235 qui
796 3154 829 3216 et
855 3150 969 3216 Latine
996 3149 1087 3233 loqui
1115 3149 1228 3214 didicit
1257 3149 1292 3213 in

142 3257 255 3322 castris
279 3256 423 3345 (Sallust.
437 3257 507 3344 lug.
525 3257 599 3342 101,
617 3255 653 3344 6)
676 3261 709 3324 11
731 3257 854 3324 Romae
880 3257 989 3323 omnia
1010 3256 1138 3322 uenalia
1160 3278 1228 3322 esse
1252 3279 1292 3322 ex

142 3362 254 3428 amicis
278 3363 346 3429 illic
368 3365 494 3450 accepit
521 3363 879 3452 (81111111.1.1.20,1);
909 3364 1098 3431 Latinorum
1123 3363 1292 3430 clarissimi

140 3473 231 3535 erant
255 3469 287 3536 O.
297 3470 420 3538 Marius
443 3470 582 3557 Arpinas
607 3470 733 3560 (Vellei.
748 3471 781 3538 ΙΙ
801 3473 831 3557 9,
849 3470 885 3561 4)
910 3475 942 3537 11
961 3470 1148 3537 (1.11111111111
1163 3470 1292 3538 Suessa·

140 3599 208 3642 nus.
264 3574 359 3644 Anno
393 3578 544 3662 622s132
575 3580 789 3664 triumphauit
822 3579 856 3644 P.
868 3578 977 3665 Scipio
1010 3581 1048 3644 de
1082 3578 1291 3645 Numantinis

142 3683 174 3749 0.
184 3682 301 3749 Lucilii
328 3689 498 3771 patronus,
526 3686 637 3752 eodem
666 3709 750 3752 anno
779 3687 814 3752 L.
824 3685 916 3754 Accii
942 3692 1101 3773 patronus
1121 3686 1164 3752 Ἰ).
1179 3685 1291 3753 Iunius

141 3790 262 3857 Brutus
287 3792 325 3856 de
350 3790 498 3858 Callaicis
522 3792 671 3880 (Eutrop.
685 3792 734 3858 IV
755 3792 820 3881 19).

229 3897 339 3983 Scipio
373 3903 405 3965 et
432 3898 577 3966 Lucilius
609 3900 666 3966 ubi
697 3900 861 3967 redierunt
890 3900 1027 3968 Romam
1059 3925 1098 3967 ex
1125 3900 1291 3987 Hispania,

140 4005 246 4071 occiso
270 4004 318 4071 Ti.
329 4004 477 4073 Graccho
504 4008 539 4073 in
569 4031 701 4094 magnas
728 4012 863 4093 uterque
891 4007 989 4074 delati
1017 4013 1091 4074 sunt
1117 4008 1229 4074 turbae
1259 4011 1292 4072 et

139 4113 289 4197 pericula.
331 4111 390 4178 Ille
414 4113 550 4182 infestus
572 4115 660 4198 plebi
679 4119 711 4180 et
730 4113 924 4181 Gracchanis
943 4116 1075 4182 cottidie
1092 4103 1197 4201 magis
1216 4115 1302 4181 odio'

140 4224 208 4285 erat
230 4219 434 4288 multitudini
461 4226 493 4289 et
520 4224 641 4307 populo
665 4222 827 4307 Romano,
849 4223 904 4288 hie
926 4244 1001 4289 cum
1024 4227 1057 4288 et
1080 4223 1163 4287 inter
1186 4222 1290 4289 socios
1425 4309 1427 4312 r

138 4326 237 4392 fuerit
270 4332 301 4392 et
334 4329 473 4394 nominis
501 4328 609 4394 Latini
638 4329 796 4397 sollicitus
825 4353 893 4397 esse
922 4330 1057 4395 debebat
1086 4329 1123 4393 de
1152 4330 1290 4415 praediis

139 4435 205 4502 11111
229 4438 262 4502 11
281 4439 448 4527 suspectus
467 4439 589 4522 populo
608 4441 740 4523 propter
759 4437 898 4505 diuitias.
940 4437 1082 4505 Tresuiri
1100 4438 1186 4504 enim
1206 4438 1290 4524 agris
