3052 5024
599 287 875 340 raonuoonuur.
1250 271 1313 340 xix

164 448 476 536 facite-intellegitur
494 452 623 534 poetam
642 449 795 514 caelibem
814 449 933 514 uixisse
951 470 1010 514 nec
1027 471 1180 533 umquam
1193 440 1314 516 lectum

164 556 323 645 genialem
347 556 382 621 in
405 556 472 622 eius
496 557 578 621 atrio
601 556 701 621 fuisse
724 556 946 621 collocatum.
972 555 1084 622 Tradit
1106 555 1220 622 Liuius
1238 555 1313 621 XLI

166 663 196 748 8,
219 664 239 729 9
264 663 343 729 ‘Lex
366 663 461 729 sociis
485 684 522 728 ao
546 662 688 728 nominis
707 662 823 747 Latini,
848 663 904 748 qui
927 664 1059 749 stirpem
1081 686 1120 729 ex
1139 685 1207 729 sese
1226 664 1314 728 domi

164 770 392 856 relinquerent,
409 770 516 854 dabat,
541 773 579 833 ut
597 769 684 834 ciues
703 769 842 835 Romani
864 770 1000 836 fierent'.
1045 769 1215 836 Praeterea
1238 771 1314 835 ciui-

164 883 265 944 tatem
288 879 441 962 consequi
464 880 614 962 poteraut
637 876 675 960 ei,
699 878 755 962 qui
777 877 811 941 in
833 877 960 962 oppidis
978 876 1103 943 Latinis
1122 878 1314 963 magistratu

166 989 257 1052 erant
274 985 379 1051 functi
392 984 512 1050 maiore
527 981 678 1071 (Appian.
693 983 767 1049 bell.
781 985 840 1049 ciu.
855 982 888 1049 Π
901 983 945 1050 26
959 984 1178 1049 Mommsenus
1193 985 1232 1049 de
1246 985 1315 1048 inre
1392 1050 1394 1054 ,

165 1093 297 1179 publico
319 1115 350 1177 p.
365 1091 402 1156 R.
417 1089 499 1158 IIII
523 1090 711 1176 Lips.1887
736 1114 766 1176 p.
780 1090 846 1156 639
867 1077 977 1178 seqq).
1013 1089 1060 1156 At
1081 1090 1225 1157 Lucilius
1248 1114 1314 1157 non

166 1199 195 1265 is
223 1204 291 1265 erat
319 1203 356 1264 ut
379 1220 448 1264 sese
478 1198 618 1283 aliquem
642 1198 783 1263 crederet
807 1196 900 1264 ‘Italo
925 1198 1011 1282 quod
1033 1198 1156 1264 honore
1179 1198 1314 1283 supinus

166 1307 301 1395 fregerit
322 1306 468 1371 heminas
496 1303 666 1370 Auruncae
694 1304 806 1369 aedilis
834 1304 982 1389 iniquas’.
1028 1302 1066 1368 In
1099 1304 1193 1370 sociis
1216 1306 1317 1390 igitur

167 1415 237 1478 sine
258 1411 380 1478 Italicis
404 1413 466 1478 erit
487 1411 668 1499 ponendus:
695 1410 782 1496 quod
808 1412 873 1476 nisi
895 1411 1059 1495 iaciemus,
1082 1413 1186 1477 multo
1209 1412 1315 1477 minus

168 1519 310 1585 amicitia
336 1518 393 1584 illa
420 1539 484 1602 qua
512 1539 584 1583 cum
609 1516 759 1603 Scipione
781 1515 963 1584 Aemiliano
992 1519 1152 1584 sociorum
1179 1523 1315 1604 patrono

168 1630 236 1691 erat
259 1627 449 1707 coniunctus
471 1625 558 1691 recte
581 1625 701 1710 poterit
722 1624 877 1712 intellegi.

183 1779 192 1796 .
255 1731 369 1818 Itaque
391 1754 464 1798 oum
489 1733 643 1798 caelibem
658 1731 778 1798 uixisse
792 1737 921 1816 poetam
939 1753 1133 1819 magnopere
1147 1733 1190 1797 sit
1202 1733 1317 1818 proba·
1331 1755 1402 1794 oenus

167 1840 370 1926 hilarianis
388 1839 457 1905 eius
476 1861 621 1926 propago
641 1838 726 1904 clara
743 1839 830 1904 facta
848 1844 898 1905 est
915 1844 948 1905 et
961 1841 1096 1906 illustris
1111 1841 1316 1905 matrimonio

167 1947 279 2013 nobili.
325 1945 363 2012 In
390 1939 619 2012 commentario
648 1946 734 2011 enim
761 1950 869 2012 uetere
897 1947 930 2011 in
958 1934 1143 2031 Horatium,
1170 1947 1254 2012 unde
1281 1969 1318 2012 ea

168 2076 250 2139 quae
277 2075 363 2135 nnnc
390 2057 517 2121 seruata
544 2057 620 2119 sunt
650 2053 785 2119 deducta
815 2059 890 2120 sunt
913 2059 1102 2140 commenta,
1130 2054 1318 2119 adnotatum

168 2165 238 2226 erat
260 2161 300 2237 ad
323 2159 464 2226 sermH
484 2160 512 2246 1,
531 2160 574 2226 29
599 2164 631 2225 et
656 2159 697 2225 75
715 2150 877 2227 Lucilium
896 2165 928 2227 et
945 2162 1040 2227 ualde
1057 2161 1201 2227 nobilem
1219 2161 1318 2226 fuisse

169 2272 202 2334 et
219 2265 364 2353 diuitem,
386 2272 500 2353 utpote
523 2267 580 2352 qui
603 2269 781 2333 auunculus
805 2269 908 2334 maior
929 2269 1027 2335 fuerit
1049 2268 1160 2357 Magni
1183 2269 1318 2354 Pompei

170 2373 258 2463 (uide
277 2375 396 2441 testim.
411 2373 455 2463 2).
498 2373 593 2440 Solus
612 2374 794 2461 Porphyrio
821 2376 911 2441 addit
934 2374 1075 2441 ‘Etenim
1094 2378 1167 2442 auia
1184 2375 1319 2461 Pompei

168 2481 287 2548 Lucilii
317 2503 409 2548 soror
430 2480 557 2547 fuerat'.
601 2480 666 2546 Sed
689 2482 808 2547 errauit
830 2482 885 2547 ille
914 2483 1060 2567 quisquis
1077 2482 1141 2547 fnit
1159 2504 1319 2549 commen-

169 2589 243 2654 tarii
266 2593 391 2674 auctor,
418 2588 481 2654 nisi
509 2589 596 2674 quod
625 2593 712 2654 recte
734 2589 801 2654 fere
825 2589 992 2654 adnotauit
1015 2589 1205 2655 affinitatem
1229 2589 1319 2654 illem

169 2697 271 2762 altero
304 2718 430 2761 sursum
462 2717 592 2761 uersum
625 2697 726 2783 gradu
754 2696 855 2762 fuisse
882 2696 1030 2784 positam.
1079 2694 1164 2762 Nam
1192 2696 1320 2762 etiamsi

170 2803 237 2868 uim
260 2803 420 2869 uocabuli·
434 2803 609 2870 auunculus
635 2805 739 2870 motor
765 2805 887 2868 nariam
917 2804 1003 2890 apud
1026 2804 1197 2889 scriptores
1220 2804 1320 2895 fuisse

171 2914 322 2976 enarrant
339 2909 443 2976 lexica
460 2910 576 2977 Latina
594 2912 713 2996 omnia,
729 2916 838 2976 tamen
857 2911 985 2996 proprie
1005 2912 1122 2977 dieitur
1142 2912 1320 2977 auunculus

171 3039 306 3105 magnus
329 3018 383 3085 uel
401 3018 506 3084 maior
524 3018 614 3085 auiae
633 3018 733 3084 irater
751 3018 847 3084 sicuti
864 3017 1044 3104 Porphyrio
1063 3020 1083 3083 l.
1099 3041 1122 3083 s.
1142 3017 1319 3104 adscripsit.

170 3122 278 3189 Aliam
296 3128 405 3190 tamen
423 3125 582 3191 rationem
600 3126 700 3192 fuisse
718 3125 809 3191 illam
824 3125 991 3190 affinitatis
1005 3125 1118 3192 edocet
1131 3124 1275 3192 Velleius
1289 3123 1321 3190 Π

171 3230 272 3317 29st
304 3229 437 3319 (testim.
456 3229 492 3320 3)
525 3232 582 3317 qui
613 3236 748 3297 matrem
781 3231 892 3320 Magni
919 3232 1054 3317 Pompei
1085 3232 1191 3298 Madet
1221 3233 1321 3297 inisse

171 3336 342 3424 Lucilium,
371 3338 481 3426 stirpis
505 3340 692 3406 senatoriae.
737 3338 872 3404 Minime
894 3343 1003 3405 tamen
1025 3338 1193 3424 probabile
1217 3342 1266 3405 est
1289 3343 1321 3404 et

172 3467 268 3511 auum
296 3445 432 3532 Pompei
464 3450 498 3512 et
525 3451 649 3532 patrem
677 3445 819 3512 Lucilius
851 3447 992 3511 eiusdem
1024 3447 1166 3512 nominis
1193 3446 1321 3512 duxisse

172 3574 288 3619 uxores
326 3553 381 3620 sed
417 3575 539 3620 errasse
570 3552 700 3619 Horatii
736 3553 943 3619 scholiastam
976 3554 1072 3619 sicuti
1103 3552 1321 3639 Hieronymus

172 3659 350 3726 Pacuuium
381 3660 464 3727 falso
492 3660 571 3727 dicit
596 3659 697 3726 Ennii
727 3663 841 3745 poetae
869 3682 908 3725 ex
935 3659 1003 3725 filia
1028 3663 1193 3745 nepotem,
1226 3683 1321 3745 quern

172 3772 259 3833 recte
283 3767 409 3834 Plinius
433 3767 550 3834 dixerit
571 3767 671 3833 Ennii
695 3789 803 3833 sorore
826 3768 972 3854 genitum
996 3765 1141 3855 (Sueton.
1160 3791 1191 3852 p.
1206 3767 1249 3833 36
1268 3765 1321 3856 R).

173 3873 249 3939 Fuit
272 3875 373 3962 igitur
395 3874 539 3940 Lucilius
560 3879 657 3960 poeta
681 3872 736 3940 On.
750 3874 886 3960 Pompei
903 3873 1015 3962 Magni
1033 3879 1167 3960 patruus
1186 3896 1322 3961 magnus

173 3982 242 4048 siue
273 3981 386 4047 matris
414 3982 483 4048 eius
511 3987 658 4067 patruus,
690 3981 790 4047 frater
817 3981 935 4047 Lucilii
962 3982 1073 4047 ordine
1101 3982 1262 4048 senatorio
1291 3986 1323 4046 et

175 4089 254 4155 ciuis
287 4088 466 4175 Romanus,
502 4091 593 4155 cuius
630 4089 698 4154 fflia
729 4090 875 4174 nupserit
909 4088 964 4155 On.
982 4089 1137 4174 Pompeio
1171 4087 1336 4154 Straboni⁴

175 4217 237 4261 cos.
253 4194 371 4282 soree
391 4195 721 4282 annofere646f108‚
740 4219 813 4263 cum
829 4194 883 4261 On.
889 4196 1063 4281 Pompeius
1076 4195 1214 4282 Magnus
1228 4200 1323 4260 natus
1338 4231 1434 4270 Dasea.

175 4303 218 4368 sit
249 4324 332 4371 anno
361 4303 510 4388 64ss106.
562 4300 617 4368 On.
641 4303 734 4370 illum
761 4303 951 4389 Pompeium
982 4302 1154 4368 admodum
1182 4304 1323 4367 inuisum

175 4409 274 4476 tuisse
300 4411 422 4495 populo
449 4409 550 4475 tradit
576 4409 768 4476 Plutarchus
795 4410 907 4495 Pomp.
932 4432 1002 4495 cup.
1022 4411 1055 4494 1,
1082 4410 1171 4476 αἰτία
1199 4406 1235 4474 di
1262 4419 1322 4473 τοῦ

1074 4513 1111 4567 b*
