3082 5018
232 358 278 414 (IX
666 361 946 413 Psonnuouxul.

268 521 299 586 V
338 521 464 587 Seuarii
551 520 609 586 -11-
625 544 720 607 quam
736 522 953 605 mihi...(de
980 524 1039 587 -111
1070 521 1220 606 habeasq,
1251 522 1284 584 in
1312 521 1379 585 ani·

573 629 730 712 aramius)
1002 650 1078 694 mo.
1094 680 1100 693 .
1116 679 1122 692 .
1146 629 1200 713 (de
1221 629 1379 711 ambitio)

552 731 631 800 ·III
655 739 851 820 quapropter

552 858 589 906 ·e
624 841 831 927 supplantare
863 842 954 906 aiunt

576 945 688 1013 Graeci

231 1090 377 1177 Apparet
400 1091 564 1156 ordinibus
591 1091 666 1155 libri
689 1089 798 1155 XXIX
821 1116 856 1177 φ,
880 1116 908 1176 χ,
930 1112 960 1173 a,
984 1090 1010 1173 b,
1033 1111 1057 1173 e,
1080 1091 1110 1175 d,
1132 1112 1148 1154 e
1171 1090 1379 1156 consideratis

231 1198 349 1264 librum
374 1196 482 1263 XXIX
499 1198 599 1262 fuisse
618 1199 833 1282 compositum
853 1199 907 1281 ita,
930 1201 967 1262 ut
984 1197 1089 1283 primo
1107 1197 1179 1262 loeo
1199 1199 1380 1282 septenarii,

96 1326 98 1331 ·
233 1304 371 1370 seeundo
405 1305 535 1387 senarii,
567 1305 662 1369 tertio
690 1303 881 1384 hexametri,
913 1309 1026 1388 quarto
1055 1305 1170 1369 iterum
1199 1305 1380 1389 septenarii,

234 1413 347 1494 quinto
371 1411 486 1476 iterum
516 1411 632 1476 senarii
661 1411 759 1495 positi
787 1411 914 1476 fuerint.
960 1408 1009 1475 De
1037 1415 1127 1476 sexta
1152 1416 1243 1495 parte
1266 1433 1379 1496 parum

234 1522 372 1583 constat:
405 1519 432 1582 si
465 1521 626 1582 constaret
652 1540 687 1582 re
719 1539 796 1581 uera
821 1518 1037 1604 fragmentum
1068 1539 1129 1582 -e
1162 1517 1381 1602 ‘supplantare

233 1625 323 1688 aiunt
353 1622 476 1689 Graeoi’
505 1628 629 1709 partem
658 1645 727 1690 esse
753 1624 931 1689 hexametri
959 1623 1185 1707 semiquinaria
1212 1625 1380 1690 ascedente

234 1731 495 1815 semiseptenaria
520 1751 649 1795 caesura
673 1731 728 1815 qui
751 1730 849 1795 fuerit
871 1734 1052 1815 exornatus,
1076 1734 1165 1795 sexto
1190 1732 1262 1795 loeo
1286 1732 1380 1795 hexa-

233 1841 370 1901 metrum
394 1857 560 1902 occurrere
584 1838 699 1902 iterum
724 1839 846 1902 eertum
870 1840 954 1901 esset
975 1837 1061 1921 quod
1083 1836 1176 1901 facile
1195 1838 1301 1921 quiuis
1320 1859 1381 1902 usu

233 1945 360 2009 uenisse
383 1945 570 2028 suspieetur.
617 1941 680 2009 Sed
702 1964 852 2009 numeros
885 1966 1037 2009 uersuum
1068 1945 1138 2029 pari
1166 1948 1267 2009 metro
1296 1965 1380 2010 oom-

232 2051 412 2135 positorum
450 2051 477 2115 si
515 2049 768 2134 consideramus,
805 2050 936 2115 oaloulis
968 2050 1134 2116 subductis
1166 2055 1311 2136 apertum
1343 2052 1382 2115 fit

232 2153 435 2223 hexametros
457 2156 512 2222 lib.
528 2155 669 2222 XXVIII
697 2160 729 2222 st
757 2155 865 2221 XXIX
893 2178 1003 2222 omnes
1033 2157 1173 2222 eiusdem
1206 2157 1306 2223 fuisse
1333 2179 1380 2222 sa·

232 2268 336 2329 turae:
361 2264 446 2348 quod
470 2265 651 2352 argumenti
674 2264 884 2329 similitudine
907 2263 1123 2329 confirmatur.
1163 2263 1380 2348 Dispertiendi

231 2371 317 2436 enim
346 2375 440 2436 erunt
467 2371 639 2456 septenarii
666 2375 699 2436 et
722 2371 839 2436 senarii
866 2370 942 2435 libri
970 2368 1078 2436 XXIX
1106 2370 1246 2435 induas
1273 2374 1380 2455 partes

231 2476 297 2543 fere
330 2498 460 2562 aequas:
494 2500 557 2561 quo
587 2478 673 2542 faeta
702 2498 853 2543 numeros
881 2477 958 2542 libri
988 2474 1130 2542 XXVIII
1159 2498 1253 2561 quem
1282 2478 1380 2542 trium

231 2583 298 2649 fere
342 2585 442 2650 fuisse
489 2589 668 2650 saturarum
721 2584 817 2649 modo
867 2585 1063 2668 sumpsimus
1116 2583 1381 2668 comparabimus,

232 2692 295 2757 hoe
318 2690 430 2757 modo:

232 2833 287 2898 lib.
307 2832 428 2918 XXIX,
453 2834 480 2898 1.
504 2834 677 2919 septenarii
702 2833 743 2899 15
832 2834 886 2899 lib.
906 2830 1062 2914 XXVlII,
1092 2835 1118 2898 1.
1143 2835 1314 2919 septenarii
1359 2833 1380 2898 9

446 2940 475 3004 2.
500 2941 617 3006 senarii
697 2940 742 3005 20
1090 2940 1119 3005 2.
1143 2943 1260 3007 senarii
1336 2940 1378 3005 28

445 3047 475 3111 3.
498 3048 676 3113 hexametri
698 3047 739 3112 10
1087 3046 1115 3111 3.
1140 3049 1317 3114 hexametri
1358 3047 1379 3111 6

447 3155 476 3218 4.
502 3155 674 3239 septenarii
699 3155 740 3218 16

446 3259 475 3325 ἵ).
500 3262 616 3326 senarii
696 3260 739 3325 20

233 3402 304 3481 Qua
326 3405 450 3469 ratione
473 3403 603 3489 cognita
625 3407 771 3488 apertum
794 3404 832 3468 fit
855 3403 997 3469 eiusdem
1019 3405 1095 3470 libri
1114 3402 1255 3469 XXVIII
1272 3404 1381 3490 siugu-

233 3510 337 3575 larum
357 3514 537 3576 saturarum
556 3509 577 3573 9
596 3511 650 3575 uel
668 3510 688 3574 6
706 3510 887 3597 fragmenta
905 3512 1094 3596 septenariis
1117 3511 1171 3575 uel
1187 3510 1381 3576 hexametris

235 3618 414 3702 composita
428 3638 602 3702 superesse,
615 3617 692 3682 libri
706 3615 814 3682 XXIX
827 3618 1008 3703 fragmenta
1025 3615 1146 3706 1506)
1162 3618 1216 3682 uel
1230 3616 1285 3683 10:
1301 3638 1381 3701 quos

232 3745 382 3789 numeros
406 3724 491 3790 binis
515 3724 631 3788 saturis
655 3723 842 3808 attribuere,
868 3745 910 3789 ne
932 3724 1030 3790 nimis
1052 3725 1132 3790 fiant
1150 3724 1268 3811 exigui,
1291 3723 1380 3788 dubi-

232 3830 380 3896 tabimus.
406 3829 500 3907 Quod
513 3831 711 3896 senariorum
724 3853 876 3897 numerus
891 3830 994 3896 multo
1006 3836 1054 3896 est
1063 3828 1382 3918 amplior(20—28),

233 3936 266 4002 id
289 3959 326 4002 ea
349 3937 388 4002 de
411 3958 507 4002 eausa
529 3937 650 4003 faotum
674 3959 743 4003 esse
766 3942 907 4024 apparet,
930 3937 1017 4022 quod
1041 3939 1185 4004 senarius
1205 3936 1308 4003 multo
1332 3940 1381 4002 est

233 4043 364 4109 breuior
401 4067 497 4129 quam
534 4067 646 4111 uersus
684 4045 857 4130 quadratus
890 4048 921 4112 et
952 4046 1078 4132 longus.
1133 4044 1246 4129 Itaque
1278 4044 1381 4109 multo

233 4151 381 4235 pluribus
404 4151 550 4217 uersibus
575 4152 707 4218 senariis
731 4173 813 4236 opus
837 4156 905 4217 orat
934 4151 974 4217 ad
999 4152 1131 4218 eandem
1153 4174 1222 4217 ram
1245 4155 1381 4217 traotan·

232 4258 305 4322 dam
348 4279 443 4342 quam
485 4258 593 4325 herois
629 4261 686 4323 aut
722 4259 923 4344 septenariis3
965 4259 1049 4324 unde
1084 4260 1206 4324 fastum
1242 4263 1304 4344 est,
1345 4261 1382 4322 ut
1462 4267 1465 4272 '

233 4366 462 4450 grammaticus
490 4364 592 4430 multo
620 4365 730 4450 plures
758 4387 797 4429 ex
827 4365 943 4430 saturis
966 4365 1113 4431 uersibus
1136 4364 1284 4450 pluribus
1308 4386 1382 4429 oon-

233 4469 362 4554 sariptis
399 4471 572 4536 sustulerit.
632 4470 747 4555 Neque
787 4470 925 4556 denique
962 4473 1093 4537 omnino
1129 4471 1296 4557 probabile
1333 4475 1383 4538 est
