3052 5024
230 312 317 367 XLIV
663 311 943 365 PROLEGOMENA.

225 475 367 543 defendit
385 473 527 541 medicus
546 473 699 540 inuidiae'
718 498 749 540 e.-
764 498 794 560 q.
815 498 838 540 s.
853 471 1007 561 (Macrob.
1023 472 1149 541 Saturn.
1163 473 1179 539 Ι
1194 473 1224 559 6,
1238 472 1282 562 9).
1311 473 1375 541 Sed

224 581 460 667 apparethnec
483 581 631 648 adhunc
654 604 783 648 uersum
811 605 877 648 non
904 582 1076 667 pertinere:
1104 581 1167 647 alia
1195 583 1375 667 quaerenda

225 693 308 756 sunt.
363 688 486 755 Notum
519 693 568 755 est
600 689 739 755 familias
773 688 916 776 singulas
953 689 1066 776 populi
1098 688 1237 756 Romani
1273 689 1374 776 signis

226 796 294 863 siue
321 795 503 883 insignibus
531 818 599 863 esse
627 819 701 862 usas
727 819 959 882 nonnunquam
988 796 1132 863 deductis
1162 819 1181 861 a
1212 796 1374 882 praeclare

223 904 324 991 gestis
346 902 455 983 rebus,
482 904 654 989 praecipue
677 927 754 970 uero
779 905 1008 992 cognominum
1035 926 1117 989 quae
1145 903 1210 970 sint
1237 903 1373 991 effigies:

223 1011 301 1078 conf
312 1009 443 1077 Sustou.
458 1009 559 1098 Calig.
574 1009 617 1077 35
638 1010 768 1078 ‘Vetera
791 1011 987 1078 familiarum
1011 1010 1151 1099 insignia
1171 1011 1373 1077 nobilissimo

223 1118 338 1204 cuique
353 1118 481 1204 ademit,
499 1118 664 1204 Torquato
683 1123 841 1204 torquem,
857 1116 1046 1185 Cincinnato
1062 1119 1191 1205 crinem,
1211 1116 1266 1183 Cn.
1280 1118 1374 1184 Pom·

222 1227 296 1311 peio
320 1226 431 1311 stirpis
450 1226 601 1311 antiquae
619 1224 731 1313 Magni
750 1227 951 1314 cognomen'.
992 1224 1105 1291 Multis
1124 1229 1208 1291 certe
1226 1226 1260 1290 in
1278 1225 1374 1292 rebus

223 1334 348 1418 antiqui
376 1332 572 1400 adhibebant
599 1335 676 1400 talia
704 1334 797 1421 signa
830 1331 922 1421 (coni
936 1332 1021 1399 Plut.
1041 1332 1105 1399 Cic.
1127 1330 1173 1420 1):
1205 1334 1375 1400 notissima

222 1440 317 1507 nobis
346 1440 440 1527 signa
467 1442 666 1528 singularum
694 1440 891 1507 familiarum
919 1440 1057 1507 suntin
1084 1440 1224 1506 nummis
1254 1441 1374 1527 incuss,

223 1548 280 1614 ubi
302 1547 393 1614 Furii
417 1546 619 1633 Crassipedes
643 1548 756 1633 pedem
781 1569 937 1633 crassum,
964 1546 1104 1614 Publicii
1127 1546 1270 1613 Malleoli
1296 1547 1373 1613 mal-

222 1657 318 1741 leum,
340 1653 476 1721 Antistii
499 1652 628 1720 Craouli
651 1655 829 1742 graculum,
852 1653 982 1721 Seruilii
1007 1651 1134 1719 Gemini
1153 1653 1318 1720 Castorem
1341 1659 1374 1720 et

223 1762 397 1847 Pollucem,
415 1761 505 1827 Furii
523 1761 749 1848 Purpureones
768 1763 932 1848 muricem,
950 1761 1091 1827 Lucretii
1111 1761 1244 1828 Triones
1264 1758 1372 1828 stellas

224 1872 357 1955 septem,
380 1868 498 1935 similia
520 1870 602 1936 aliae
624 1868 765 1935 familiae
788 1870 909 1935 habent
931 1869 1083 1956 insignia:
1107 1870 1184 1934 conf
1202 1867 1374 1935 Mommse-

222 1999 283 2042 nus
297 1975 335 2042 R.
349 1975 384 2042 F.
399 1976 415 2042 I
428 2001 459 2063 p.
473 1976 518 2042 44
533 1975 746 2062 Marquardtii
765 1975 916 2042 enchirid.
934 1976 1032 2061 antiq.
1052 1999 1082 2061 p.
1101 1975 1138 2041 R.
1153 1973 1217 2042 VII
1230 2000 1261 2063 p.
1279 1978 1329 2062 14,
1344 1978 1372 2043 7.

224 2083 405 2150 Muciorum
430 2083 556 2171 insigne
576 2084 653 2168 quid
671 2084 770 2150 fuerit
788 2084 976 2168 antiquitus,
998 2084 1170 2149 nescimus:
1194 2104 1373 2170 cognomen

223 2189 374 2258 Scaeuola
397 2191 484 2276 quod
506 2189 662 2258 Scaeuola
685 2190 837 2257 scribitur
859 2192 894 2256 in
916 2189 1009 2257 fastis
1030 2189 1221 2276 Capitolinis
1244 2191 1373 2259 deducit

222 2297 335 2364 Liuius
354 2296 386 2363 Π
408 2298 448 2362 13
473 2321 492 2363 a
515 2318 629 2364 scaeua
651 2320 762 2384 manu,
790 2298 852 2364 hoc
875 2302 924 2364 est
948 2297 1090 2382 sinistra,
1118 2297 1266 2364 similiter
1287 2298 1372 2365 Plut.

222 2405 344 2491 Poplic.
367 2406 406 2470 17
437 2409 469 2472 et
497 2426 607 2471 omnes
635 2405 772 2490 faciunt,
800 2405 857 2490 qui
883 2405 1014 2471 Liuium
1042 2409 1200 2471 secuntur.
1250 2404 1372 2471 Vemm

219 2516 326 2578 'totam
349 2512 438 2579 illam
465 2512 504 2579 ds
527 2511 628 2578 Mucii
657 2534 754 2578 manu
783 2512 951 2579 combusta
977 2512 1195 2578 narrationem
1224 2534 1291 2579 esse
1318 2514 1371 2578 ab

224 2620 317 2685 surde
334 2622 444 2687 fictam
463 2624 539 2706 post
552 2618 768 2686 Niebuhrium
788 2616 877 2707 (hist.
892 2618 985 2685 Rom.
1000 2618 1016 2684 Ι
1029 2642 1059 2703 p.
1075 2616 1155 2706 606)
1174 2619 1269 2685 multi
1288 2620 1372 2685 dixe

221 2730 305 2793 runt.
351 2724 523 2792 navarro
553 2728 591 2792 de
610 2729 630 2793 1.
649 2727 684 2793 L.
704 2725 768 2791 VH
786 2726 828 2791 97
859 2726 897 2792 de
925 2727 1108 2793 obscoenum
1135 2748 1214 2793 uoce
1241 2726 1372 2792 docens:

224 2834 347 2901 ‘Potest
369 2836 423 2900 uel
446 2834 486 2898 ab
511 2855 549 2899 eo
574 2835 660 2919 quod
682 2834 826 2919 puerulis
850 2834 1012 2919 turpicula
1038 2857 1089 2901 res
1116 2834 1150 2899 in
1171 2836 1254 2900 collo
1278 2856 1372 2919 quae-

222 2942 295 3007 dam
320 2940 536 3027 suspenditur,
559 2963 600 3006 ne
623 2941 701 3025 quid
725 2940 820 3026 obsit,
842 2942 946 3007 bonae
969 2964 1101 3008 scaenae
1119 2963 1213 3008 causa
1230 2941 1373 3008 swerwla

223 3047 392 3135 appellata.
443 3046 492 3113 lla
520 3046 607 3114 dicta
633 3048 673 3113 ab
703 3068 829 3134 scaeua,
863 3049 896 3114 id
923 3053 973 3115 est
1001 3049 1143 3135 sinistra,
1176 3050 1262 3135 quod
1290 3070 1371 3133 quae

223 3156 353 3222 sinistra
376 3158 465 3239 sunt,
492 3154 578 3221 bona
600 3154 746 3240 auspicia
768 3155 1014 3221 existimanbrr'.
1060 3155 1153 3244 Haec¹
1176 3179 1272 3241 quam
1297 3159 1372 3240 apte

222 3265 263 3330 ad
284 3264 371 3330 hunc
389 3261 507 3329 Lucilii
529 3264 638 3329 locum
661 3262 841 3328 referantur
864 3262 1034 3329 conciliata
1056 3285 1129 3330 oum
1152 3262 1207 3347 eis,
1231 3285 1312 3347 quae
1333 3264 1373 3329 de

224 3370 324 3458 signis
352 3370 573 3436 Romanorum
606 3392 703 3456 supra
735 3370 869 3454 exposui
900 3390 995 3436 nemo
1027 3390 1093 3437 non
1125 3369 1222 3436 uidet.
1271 3368 1371 3436 Porro

223 3498 301 3543 caue
324 3476 496 3543 credideris
524 3477 651 3563 turpius
678 3498 748 3542 esse
775 3476 856 3542 illud
883 3477 1011 3564 signum
1039 3500 1135 3563 quam
1163 3481 1200 3542 ut
1227 3475 1372 3542 adhiberi

223 3586 379 3672 potuerit:
408 3584 494 3670 quod
517 3584 552 3649 in
574 3584 740 3669 triumpho
763 3584 926 3650 neminem
950 3584 1131 3650 offendebat
1153 3586 1215 3650 hoc
1237 3605 1297 3671 pro
1324 3585 1371 3649 in·

223 3693 307 3779 signi
330 3714 486 3777 usurpare
508 3691 616 3758 hercle
637 3693 798 3758 neminem
822 3691 972 3777 pudebat.
1013 3689 1125 3756 Fuisse
1148 3694 1255 3756 autem
1273 3712 1371 3756 mem·

222 3801 316 3866 brum
334 3799 474 3866 familiae
493 3798 619 3886 insigne
633 3798 762 3865 tabulae
775 3798 1003 3866 Heracleenses
1017 3801 1177 3865 testantur
1190 3793 1260 3863 CIC
1274 3795 1372 3880 5774,

221 3907 278 3974 ubi
301 3907 361 3973 sub
385 3908 483 3973 finem
502 3929 532 3972 ιι.
553 3907 618 3973 184
640 3907 831 3992 inscriptum
855 3911 905 3973 est
926 3914 966 3972 fr
989 3916 1088 3990 γυῖον
1106 3905 1245 3981 Πεισίας
1269 3906 1372 3970 Λεον-

221 4019 336 4100 clauo,
359 4018 429 4080 tum
452 4039 482 4081 ιι.
509 4014 571 4081 187
600 4016 808 4101 γραμματεὺς
834 4021 875 4079 fs
897 4025 999 4098 γυῖον
1019 4010 1256 4099 Ἀριστόδαμος
1278 4014 1371 4096 Mop-

221 4123 321 4208 μάχω.
368 4122 548 4188 Membrum
570 4121 642 4188 istis
666 4120 791 4187 duobus
814 4121 894 4187 uiris
918 4122 973 4206 qui
997 4119 1139 4186 eiusdem
1164 4117 1267 4184 tribus
1296 4121 1373 4184 sunt

222 4234 259 4296 ut
281 4229 394 4295 ceteris
417 4230 480 4295 alia
503 4228 644 4315 insignia
669 4228 761 4293 uelut
786 4230 923 4314 τρίπους
949 4228 1128 4313 caedraco
1154 4223 1255 4293 πέλτα
1281 4248 1371 4312 prae·

222 4337 365 4421 positum
383 4336 467 4404 nihil
484 4336 548 4402 nisi
565 4334 724 4401 fascinum
743 4336 924 4423 significare
943 4338 1063 4421 potest:
1086 4334 1150 4400 alia
1168 4332 1253 4398 enim
1271 4355 1371 4399 mem-

222 4443 282 4514 bra
303 4443 473 4531 praecipue
496 4466 569 4511 cum
593 4443 632 4511 da
655 4443 836 4530 insignibus
854 4447 970 4531 agatur
987 4444 1113 4530 praeter
1131 4444 1292 4508 ueratrum
1311 4462 1370 4508 suo
