3052 5024
581 313 860 366 PROLEGOMENA.
1190 309 1294 364 XXVII

146 477 267 545 bellum
299 477 457 543 Punicum
494 477 625 560 initum,
661 477 863 560 frequentata
894 497 970 541 uero
1002 474 1189 558 pauimenta
1220 477 1293 538 ante

147 583 343 649 Cimbricum
366 606 484 672 magna
507 584 611 670 gratia
629 583 809 649 animorum
829 582 948 648 indicio
968 585 1017 647 est
1033 580 1219 647 Lucilianus
1238 581 1293 646 ille

146 712 257 757 uersus
287 688 402 778 (libss
421 715 451 756 u.
467 687 523 776 85)
552 689 644 755 “arte
671 691 858 775 pauimento
886 692 983 773 atque
1012 688 1203 754 emblemate
1224 710 1294 753 uer·

146 796 323 863 miculato''
336 796 354 862 '.
396 797 446 863 De
463 820 497 862 re
521 799 592 882 ipsa
614 819 782 882 perperam
806 796 962 861 iudicauit
983 795 1121 860 Plinius:
1150 795 1206 860 sed
1229 816 1293 878 quo

146 908 291 989 tempore
327 904 472 970 Lucilius
509 905 681 989 scripserit,
717 904 751 968 id
787 902 961 968 edidicerat
999 902 1226 989 grammaticus
1263 906 1295 967 ct

102 1055 111 1075 .
146 1011 319 1078 historicus
348 1035 388 1077 ex
415 1011 583 1077 doctorum
606 1010 712 1094 libris,
740 1011 826 1094 quod
849 1009 994 1096 intellegi
1016 1010 1160 1094 potuerit
1182 1031 1199 1074 e
1221 1031 1294 1093 pro-

146 1119 276 1185 hoemio
304 1119 392 1202 quod
414 1119 559 1184 Lucilius
586 1118 677 1183 libris
700 1116 839 1183 I-XXI
866 1120 1095 1202 praeposuerat
1125 1140 1143 1181 a
1166 1138 1199 1181 se
1222 1117 1293 1201 ipso

147 1225 241 1291 editis
260 1223 349 1314 (uide
368 1226 407 1292 ad
420 1218 477 1291 lib.
490 1224 506 1290 I
520 1250 549 1291 u.
566 1223 609 1312 1).
646 1223 754 1310 Atque
768 1247 841 1291 cum
856 1225 994 1290 Cimbris
1009 1224 1138 1309 quidem
1152 1225 1294 1309 primum

146 1337 326 1420 pugnatum
366 1337 415 1398 est
451 1332 484 1397 C.
500 1331 639 1399 Caecilio
677 1331 732 1397 Cn.
747 1331 877 1416 Papirio
915 1353 994 1397 coss.
1014 1354 1098 1397 anno
1131 1331 1294 1417 641s1133

146 1440 271 1506 Plinius
309 1461 436 1524 quoque
468 1437 677 1505 nat.hist.H
702 1439 765 1503 148
803 1439 969 1524 complura
1007 1439 1179 1526 distinguit
1210 1437 1295 1503 bella

150 1547 309 1614 Cimbrica
341 1569 415 1613 cum
449 1547 561 1613 scribit
590 1543 775 1613 ‘Armorum
813 1549 962 1632 crepitus¹
986 1551 1019 1612 et
1045 1547 1142 1611 tubae
1169 1548 1294 1611 sonitus

148 1655 274 1721 auditos
299 1677 316 1719 e
341 1653 429 1720 caelo
456 1653 624 1720 Cimbricis
642 1654 737 1720 bellis
756 1655 947 1739 accepimus'
967 1652 1046 1719 XVI
1061 1653 1125 1718 132
1149 1652 1295 1718 ‘Factum

146 1763 209 1828 hoc
245 1761 361 1847 populi
397 1760 536 1827 Romani
574 1761 752 1839 Quiritibus
797 1765 957 1827 ostentum
996 1760 1163 1826 Cimbricis
1200 1760 1294 1826 bellis

20 1862 22 1866 ’
146 1869 306 1935 Nuceriae
334 1870 368 1933 in
398 1867 472 1933 luco
495 1867 629 1934 Iunonis
652 1869 753 1934 ulmo'
782 1866 881 1956 (anno
912 1867 1074 1954 650f104:
1098 1866 1236 1952 Obsequ.
1250 1868 1303 1933 43*

148 1973 258 2062 (103)).
313 1973 377 2040 Sed
414 1974 612 2042 Cimbricum
648 1974 770 2041 bellum
803 1997 876 2041 cum
913 1975 1118 2062 singulariter
1155 1975 1295 2060 appellet

146 2082 285 2166 Plinius,
314 2081 349 2146 id
376 2083 547 2148 manifesto
571 2086 694 2166 spectat
717 2083 804 2166 quod
826 2086 952 2168 gestum
977 2085 1026 2147 est
1048 2083 1122 2148 inde
1146 2083 1187 2148 ab
1211 2105 1294 2149 anno

147 2188 295 2275 649f105
329 2211 429 2274 usque
462 2190 502 2254 ad
534 2211 652 2254 annum
686 2188 833 2274 653s101
868 2190 963 2254 sicuti
995 2190 1059 2253 iam
1091 2188 1295 2257 Gerlachium

147 2296 303 2362 iudicasse
324 2318 420 2380 supra
441 2296 616 2361 indicatum
637 2300 692 2362 est.
729 2296 799 2361 Liu.
813 2319 879 2381 per.
894 2296 935 2361 67
960 2296 1091 2363 ‘Marius
1106 2299 1294 2383 triumphali

147 2408 236 2470 ueste
255 2405 289 2468 in
308 2407 454 2470 senatum
474 2404 629 2469 uenit...
649 2405 742 2487 eique
761 2407 894 2489 propter
912 2408 1034 2468 metum
1050 2402 1203 2472 Cimbrici
1217 2406 1295 2472 belli

150 2511 354 2577 continuatus
373 2533 431 2596 per
451 2513 633 2596 complures
648 2533 748 2577 annos
763 2515 811 2577 est
821 2512 1006 2577 consulatus
1017 2507 1115 2598 (anno
1126 2510 1295 2601 650s104)’

148 2617 229 2684 Plin.
249 2621 313 2683 nat.
334 2619 408 2683 hist.
423 2616 518 2684 XXII
538 2619 577 2683 11
611 2618 630 2683 ‘.
646 2670 675 2684 ..
700 2619 838 2706 contigit
865 2619 933 2684 cius
961 2638 1097 2684 coronae
1124 2620 1294 2686 honos...

148 2726 328 2791 centurioni
355 2747 432 2790 uero
461 2727 517 2791 uni
546 2727 586 2790 ad
608 2727 672 2792 hoc
694 2730 821 2811 tempus
845 2724 900 2791 Cn.
910 2726 1038 2792 Petreio
1062 2723 1187 2792 Atinati
1211 2725 1295 2792 Cim-

147 2831 244 2898 brico'
260 2831 355 2898 bello.
383 2833 524 2917 primum
556 2834 659 2918 pilum
693 2835 720 2899 is
753 2855 919 2919 capessens
955 2834 1013 2900 sub
1047 2833 1161 2900 Catulo
1185 2855 1209 2898 e.
1226 2856 1255 2918 q.
1271 2857 1294 2900 s.

149 2936 349 3026 (conflens.
408 2939 521 3025 Itaque
563 2943 686 3007 celebre
729 2963 848 3008 nomen
883 2941 989 3008 tuisse
1020 2941 1137 3007 Lucilii
1173 2942 1295 3008 Romae

148 3047 351 3118 statuendum
391 3048 453 3112 erit
484 3048 558 3112 inde
590 3049 630 3113 ab
662 3071 746 3115 anno
779 3049 929 3135 cannas
961 3070 1063 3132 usque
1100 3050 1140 3114 ad
1176 3073 1295 3117 annum

147 3153 211 3218 648
215 3153 230 3240 s
234 3153 297 3218 106
317 3157 349 3219 et
366 3175 425 3239 per
442 3156 506 3221 hoc
525 3156 665 3240 spatium
683 3160 813 3240 poetam
827 3155 1101 3222 XXX-uolumina
1115 3160 1294 3223 satruarum

147 3262 379 3360 composuisse:
403 3283 513 3328 cenam
536 3260 647 3327 Cranii
671 3286 768 3348 quam
786 3264 836 3328 bis
854 3267 1041 3329 narrauerat
1059 3263 1295 3347 poetaltomae

147 3373 251 3434 actam
268 3382 269 3385 ’
287 3369 387 3435 fuisse
426 3373 552 3435 constat
584 3392 667 3436 anno
701 3369 849 3456 6411101
884 3367 975 3458 (uide
1005 3373 1114 3437 incert.
1133 3395 1163 3437 u.
1185 3370 1294 3459 1180).

147 3475 217 3553 Qua
234 3480 338 3542 aetate
356 3477 526 3543 clarissimi
544 3482 635 3544 erant
652 3482 767 3564 poetae
786 3478 908 3544 Romae
927 3479 962 3544 L.
977 3476 1096 3545 Accius
1115 3483 1147 3544 et
1161 3478 1194 3544 C.
1203 3479 1296 3545 Luci·
1310 3493 1388 3578 „affl
1397 3482 1470 3574 ‘'2⁴⁸³ss

146 3585 223 3648 lius:
241 3585 551 3670 utrumque‘mimus
569 3585 700 3670 quidam
719 3585 753 3650 in
772 3607 886 3651 scaena
904 3587 950 3651 ita
967 3590 1046 3653 tunc
1064 3586 1296 3653 contumeliose
1368 3591 1373 3599 '
1409 3590 1452 3628 ’Μ

147 3691 249 3776 laesit,
273 3694 310 3757 ut
328 3695 360 3757 et
378 3693 520 3779 tragicus
539 3696 572 3758 et
585 3693 672 3777 quod
691 3693 815 3759 mireris
833 3690 1061 3778 Aristophanis
1080 3694 1135 3760 ille
1154 3686 1297 3760 imitator

146 3798 291 3866 Lucilius
324 3798 513 3864 iniuriarum
547 3820 619 3865 cum
648 3823 685 3866 eo
713 3803 823 3887 ageret
851 3798 944 3887 (rhet.
966 3800 1006 3866 ad
1032 3800 1230 3886 Hanno,
1254 3801 1296 3866 19

147 3904 478 3990 extr.114‚424pr.:
506 3907 623 3973 testim.
640 3904 704 3994 17).
754 3905 869 3991 Neque
897 3911 1006 3974 tamen
1033 3909 1215 3975 mirandum
1242 3908 1297 3974 ab·

146 4013 282 4078 soluisse
305 4012 443 4078 iudicem
468 4012 500 4079 C.
512 4013 656 4080 Caelium
684 4037 757 4080 eum
789 4015 845 4099 qui
867 4014 1029 4081 Lucilium
1056 4018 1199 4101 laeserat,
1223 4037 1296 4082 con-

147 4119 312 4185 demnasse
344 4120 483 4187 iudicem
515 4121 549 4186 Ρ.
568 4120 713 4188 Mucium
745 4122 936 4188 histrionem
974 4122 1066 4189 illum
1103 4125 1159 4208 qui
1195 4121 1295 4190 Accio

147 4227 304 4295 maculam
341 4228 470 4313 publice
499 4229 704 4315 imposuerat.
750 4227 904 4296 Absoluit
939 4231 1092 4296 nimirum
1124 4230 1179 4298 ille
1215 4231 1297 4318 ideo,

148 4333 234 4418 quod
271 4336 387 4401 saturis
424 4337 491 4402 suis
526 4336 674 4403 homines
711 4337 766 4404 ille
798 4338 991 4403 nominatim
1023 4339 1196 4406 insectatus
1228 4345 1297 4406 crat

148 4441 282 4527 passim3
309 4442 394 4510 unde
422 4463 550 4510 eausam
578 4445 667 4512 illam
695 4448 770 4530 post
793 4445 897 4511 editos
919 4443 1020 4511 libros
1042 4445 1296 4534 XXVI-XXX,
