3052 5024
226 348 338 404 LXXIV
658 350 937 403 PROLEGOMENA.

225 535 329 598 nuper
341 513 377 578 Β.
386 512 567 579 Kueblerus
586 512 735 598 inprimis
754 510 808 599 (de
819 509 869 576 Μ.
884 510 1006 577 Valerii
1024 511 1123 577 Probi
1137 512 1374 579 commentariis

226 619 423 707 Vergilianis
446 618 552 685 Berol.
574 617 675 706 1881)
698 619 809 684 atunit
829 622 1026 704 argumenta,
1050 617 1169 703 quibus
1192 619 1272 685 haec
1294 642 1375 705 quae

227 727 262 792 in
284 726 347 793 isto
374 727 604 793 commentario
628 726 837 791 inueniuntur
860 724 1024 791 doctrinae
1054 724 1190 791 eximiae
1213 731 1246 792 et
1267 728 1375 815 singu·

225 834 303 900 laris
323 833 515 900 documenta
537 833 636 899 Probi
659 854 725 899 non
743 855 812 898 esse
831 832 1072 917 demonstraret,
1094 832 1242 918 equidem
1262 857 1375 900 manus

226 939 301 1006 dare
323 962 455 1026 nequeo.
502 940 613 1006 Veluti
642 963 715 1007 cum
744 940 830 1026 apud
856 940 1057 1007 Macrobium
1086 938 1213 1006 Saturn'.
1227 939 1259 1005 V
1277 941 1374 1025 22,9

225 1050 352 1135 legatur
375 1048 420 1113 ‘in
443 1048 506 1114 hoc
527 1049 601 1114 loco
622 1047 771 1114 Valerius
790 1047 915 1113 Probus
937 1049 990 1113 uir
1011 1047 1265 1134 perfectissimus
1284 1047 1396 1114 notat

225 1157 348 1221 nescire
376 1177 410 1221 sa
436 1155 520 1221 hanc
548 1155 718 1220 historiam
747 1156 815 1220 siue
842 1154 986 1221 fabulam
1010 1176 1074 1239 quo
1093 1154 1211 1220 referat
1232 1156 1374 1243 auctore’

226 1260 404 1349 (Vergilius
432 1283 541 1351 georg.
562 1260 611 1328 Π]
634 1260 729 1350 391),
769 1263 853 1329 unde
885 1261 1090 1328 manifestum
1124 1266 1172 1327 est
1203 1261 1375 1328 admodum
1408 1260 1412 1268 ’

225 1391 353 1434 curasse
376 1368 518 1434 Probum
543 1373 575 1434 et
598 1374 747 1434 auctores
770 1368 909 1456 Vergilii
937 1373 970 1434 et
995 1368 1165 1434 historiam
1188 1368 1375 1453 fabularem,

224 1474 272 1540 nil
302 1476 493 1541 mirabimur
523 1477 559 1541 in
585 1476 816 1542 commentario
845 1479 972 1541 seruato
1000 1475 1089 1541 illam
1116 1476 1216 1541 Probi
1245 1476 1375 1541 adnota

226 1584 347 1649 tionem
376 1582 561 1650 desiderari:
588 1605 664 1648 nam
691 1605 732 1648 ne
760 1605 798 1648 ea
827 1582 957 1668 quidem
981 1604 1062 1666 quae
1084 1581 1242 1648 Macrobii
1265 1586 1376 1648 auctor

225 1691 244 1754 l.
261 1712 284 1755 s.
318 1690 357 1755 de
388 1687 552 1755 Nicandro
585 1689 723 1777 Vergilii
754 1695 885 1756 auctore
916 1689 1043 1755 rettulit
1079 1690 1112 1753 in
1146 1691 1375 1756 commentario

225 1794 377 1884 leguntur
404 1796 664 1883 adscriptam
692 1821 788 1883 quam
818 1818 913 1882 saepe
937 1797 975 1862 de
1002 1798 1209 1863 historiarum
1236 1796 1376 1884 Vergilii

225 1903 410 1969 auctoribus
419 1905 562 1970 inProbi
573 1904 804 1971 commentario
819 1904 996 1991 disseritur,
1010 1905 1124 1991 tragici
1136 1902 1247 1969 Graeci
1261 1908 1375 1990 poetae

224 2008 436 2076 Alexandrini
459 2010 515 2076 alii
539 2010 732 2078 adhibentur
755 2016 861 2077 testes.
902 2011 1070 2077 Praeterea
1094 2032 1175 2095 quae
1202 2012 1237 2076 in
1264 2011 1375 2077 eodem

225 2120 454 2183 commentario
477 2118 631 2205 leguntur
654 2118 694 2183 ad
717 2118 817 2205 eclog.
832 2117 880 2184 Vl
898 2117 939 2183 31
965 2117 1004 2182 de
1028 2121 1180 2201 quattuor
1201 2117 1376 2201 clementis,

225 2246 336 2291 eorum
359 2224 455 2310 plane
478 2225 598 2290 similia
620 2225 763 2291 Probum
791 2247 902 2291 reuera
930 2228 1084 2290 tractasse
1114 2228 1248 2309 apparet
1270 2223 1376 2290 Seruii

225 2331 350 2397 scholio
373 2332 413 2396 ad
436 2331 561 2398 AenX
582 2333 633 2417 18,
656 2355 720 2417 quo
744 2332 816 2398 loco
834 2333 960 2417 physici
983 2353 1002 2396 a
1024 2330 1131 2397 Probo
1156 2332 1233 2396 item
1257 2352 1376 2397 memo-

224 2442 337 2504 rantur
369 2440 464 2505 sicuti
497 2441 532 2504 in
563 2441 793 2506 commentario
826 2440 865 2505 fit
896 2438 936 2503 ad
974 2438 1074 2523 eclog.
1093 2435 1156 2504 Vll
1180 2438 1232 2503 61.
1283 2436 1376 2503 Hanc

226 2545 470 2612 similitudinem
503 2548 676 2613 admodum
709 2546 881 2613 infeliciter
911 2544 1093 2611 Kueblerus
1125 2544 1238 2611 tollere
1270 2545 1377 2611 studet

224 2676 255 2737 p.
275 2652 319 2717 20
352 2654 385 2717 in
417 2654 625 2721 adnotatione
657 2655 692 2738 2,
724 2656 814 2720 illam
847 2675 961 2739 parum
993 2656 1068 2737 apte
1095 2651 1245 2737 expedire
1273 2676 1304 2738 p.
1324 2653 1375 2718 32.

225 2757 308 2823 Tum
329 2782 410 2844 quae
433 2760 565 2849 collegit
582 2786 612 2847 p.
628 2761 759 2828 29-31
780 2784 819 2826 ex
840 2761 1070 2826 commentario
1084 2763 1249 2843 tamquam
1268 2761 1377 2846 inepta

225 2870 258 2930 et
275 2865 382 2931 Probo
402 2866 544 2954 indigna,
562 2889 676 2933 uereor
693 2888 734 2932 ne
752 2867 850 2933 nimis
869 2865 1065 2932 confidentes
1084 2887 1144 2931 nos
1161 2863 1258 2931 hodie
1276 2867 1376 2932 simus

225 2974 259 3037 in
287 2975 446 3039 sententia
472 2973 603 3039 ferenda
629 2974 668 3039 de
695 2975 906 3060 grammatico
934 2995 1048 3059 parum
1076 2977 1171 3059 noto;
1198 2994 1303 3057 neque
1330 2996 1377 3058 ea,

226 3101 308 3164 quae
330 3079 491 3146 Kueblcro
516 3082 626 3166 inepta
648 3103 718 3146 esse
740 3081 891 3146 uidentur
914 3079 1183 3166 etymologiarum
1207 3081 1377 3145 conamina

226 3183 363 3251 Graecae
385 3188 515 3274 linguae
539 3187 660 3253 auxilio
685 3189 832 3253 instituta
850 3210 888 3251 ea
910 3188 1074 3252 ueteribus
1092 3184 1248 3253 Romanis
1267 3188 1377 3272 inepta

225 3292 416 3359 uidebantur
453 3315 591 3378 quorum
623 3295 718 3360 multi
756 3291 892 3359 Graecae
933 3295 1064 3380 linguae
1104 3316 1219 3378 parum
1255 3293 1378 3359 fuerint

225 3400 329 3483 periti.
380 3398 484 3465 Immo
512 3423 613 3466 unum
641 3400 722 3466 illud
750 3403 933 3466 etiamnunc
966 3404 1030 3465 stat
1057 3403 1282 3486 argumentum
1312 3423 1375 3485 quc

226 3506 468 3571 commendatur
482 3506 580 3572 Probi
599 3509 773 3573 auotoritas
792 3508 867 3573 inde
886 3512 1060 3592 sumptum,
1075 3505 1161 3591 quod
1179 3508 1376 3572 nouissimus

226 3613 284 3695 qui
300 3612 351 3677 bis
368 3615 550 3698 appellatur
563 3615 598 3679 in
612 3616 841 3680 commentario
857 3615 1140 3699 grammaticorum
1155 3616 1204 3678 est
1217 3612 1376 3679 Aemilius

225 3716 331 3804 Asper
353 3718 443 3807 (337,
463 3719 514 3786 25.
539 3721 675 3806 341,18
699 3721 774 3786 edit.
788 3718 891 3808 Lips.)
916 3725 1027 3786 contra
1051 3743 1146 3804 quem
1169 3721 1189 3785 l.
1205 3742 1229 3784 a.
1252 3724 1378 3807 pugnat

226 3830 338 3891 auctor
362 3828 456 3891 sicuti
484 3827 610 3892 Probus
639 3832 720 3893 teste
749 3825 861 3893 Seruio
890 3827 930 3892 ad
953 3823 1077 3891 AenX
1096 3825 1161 3891 539
1184 3825 1314 3892 Donato
1337 3828 1378 3891 ad

225 3931 351 3998 Terent.
375 3932 513 4018 Adelph.
532 3932 580 3999 III
598 3935 633 4017 2,
659 3932 702 3999 25
741 3939 851 3999 contra
887 3934 1029 4019 Asprum
1066 3933 1238 4019 pugnauit:
1279 3935 1377 3999 etiam

225 4040 312 4125 apud
342 4039 507 4106 Donatum
540 4040 581 4105 ad
611 4039 741 4106 Phorm
760 4039 776 4104 l
795 4041 831 4125 2,
857 4041 901 4105 24
934 4041 961 4105 is
994 4042 1050 4125 qui
1082 4039 1226 4125 Asprum
1257 4039 1379 4105 refutat

225 4146 342 4213 Naeuii
374 4148 523 4212 uersibus
556 4169 596 4212 ex
628 4146 794 4212 comoedia
825 4149 936 4232 petitis
963 4146 1089 4212 Probus
1121 4145 1222 4212 fuisse
1249 4147 1379 4212 uidetur

227 4250 319 4337 (conf
335 4275 432 4339 supra
450 4278 480 4339 p.
495 4252 607 4341 LXX).
651 4250 776 4319 Auctor
796 4256 1019 4320 commentarii
1038 4258 1142 4320 totum
1160 4255 1242 4341 legit
1261 4275 1378 4338 corpus

226 4357 359 4423 Lucilii:
381 4383 412 4445 p.
428 4360 503 4445 326,
530 4359 570 4424 18
594 4360 668 4426 edit.
688 4360 775 4445 Lips.
800 4361 904 4426 adfert
931 4361 1086 4427 ‘Lucilius
1116 4362 1151 4425 in
1173 4362 1270 4426 tertio
1294 4365 1379 4445 saty-

227 4466 357 4549 rarum',
388 4490 420 4552 p.
441 4467 520 4553 340,
548 4466 591 4531 23
616 4466 771 4534 ‘Lucilius
803 4469 837 4532 in
872 4467 1013 4534 XXVIII
1045 4467 1254 4553 satyrarum':
1292 4469 1379 4552 quod
