3052 5024
229 270 354 325 LXXXII
666 273 945 326 PROLEGOMENA.

230 436 294 499 iam
326 436 423 500 liceat
453 435 548 501 nobis
577 437 745 501 restituere
777 455 913 524 cumque
946 434 1144 498 diuersarum
1178 434 1377 521 singulorum

229 542 431 609 uoluminum
450 547 629 608 saturarum
648 563 752 626 neque
769 564 938 607 numerum
961 563 1065 625 neque
1083 540 1198 606 seriem
1216 543 1377 626 possimus

228 671 423 737 recuperare.
469 650 578 734 itaque
607 649 634 714 ei
662 648 739 734 quid
766 649 962 734 proiecimus
990 649 1024 712 in
1047 647 1164 712 Lucilii
1187 649 1377 735 fragmentis

228 761 302 843 apte
335 756 578 840 concinnandis,
610 757 643 821 id
675 757 779 843 magis
811 757 922 844 regina
954 755 1009 820 illa
1041 777 1078 820 ac
1110 756 1239 821 domine
1271 779 1377 844 rerum

228 865 365 948 ratione,
402 887 497 949 quam
536 863 733 929 extrinsecus
771 864 875 929 ductis
908 863 1008 949 signis
1040 863 1285 948 praestitimus’.
1340 863 1378 929 lu

227 972 344 1056 quibus
373 995 410 1036 ea
438 975 521 1037 certe
550 993 631 1056 quae
659 976 802 1036 extremo
831 970 903 1035 loco
932 970 1173 1035 commendatur
1197 972 1279 1035 ratio
1303 992 1376 1037 cum

227 1083 337 1163 aperte
356 1079 480 1145 ratione
504 1082 610 1144 careat
633 1078 798 1144 abicienda
816 1082 877 1142 est:
900 1077 1010 1163 magni
1029 1078 1113 1141 enim
1133 1079 1288 1143 momenti
1307 1101 1376 1144 esse

226 1185 370 1250 exhiberi
392 1186 544 1269 reliquias
568 1189 681 1270 poetae
702 1206 740 1250 eo
760 1184 870 1250 ordine
888 1205 952 1268 quo
971 1185 1005 1247 in
1023 1183 1056 1247 N
1058 1185 1124 1248 onii
1141 1183 1266 1250 Lucilio
1286 1191 1376 1250 erant

225 1293 349 1376 positae
380 1292 475 1357 facile
508 1297 648 1377 apparet.
695 1290 758 1356 Sed
791 1314 871 1375 quae
899 1290 1072 1355 Muellerus
1100 1293 1307 1374 conqueritur
1336 1292 1374 1356 de

224 1399 329 1463 turbis
353 1421 433 1482 quae
458 1400 623 1464 extiterint
647 1400 680 1462 in
703 1397 803 1464 Nonii
828 1420 923 1483 opere
946 1402 978 1462 et
1001 1397 1039 1461 de
1063 1396 1184 1462 ordinis
1210 1398 1374 1481 perturba-

224 1505 381 1590 tionibus,
408 1506 470 1571 hoc
493 1510 579 1570 recte
602 1506 692 1569 dixit.
739 1504 842 1570 Immo
866 1505 993 1570 credere
1016 1505 1105 1569 nullo
1128 1504 1201 1570 loco
1226 1506 1259 1570 in
1282 1510 1373 1570 tanto
1507 1545 1508 1548 =

224 1617 353 1695 tamque
376 1614 467 1676 uario
492 1633 586 1696 opere
610 1612 753 1677 ordinem
778 1616 1000 1697 excerptorum
1027 1612 1127 1676 tuisse
1149 1614 1372 1696 perturbatum

225 1719 369 1804 desipere
401 1725 457 1785 est.
512 1718 626 1802 Neque
659 1720 831 1804 quicquam
863 1741 922 1785 nos
959 1720 1146 1804 proficimus
1179 1722 1372 1786 coniecturis

223 1827 287 1891 illis
311 1828 428 1910 quibus
448 1825 737 1893 Schottmuellerus
757 1825 954 1891 Schmidtius
979 1827 1035 1891 alii
1058 1826 1202 1891 ordinem
1225 1827 1282 1892 ubi
1305 1849 1371 1915 cor-

223 1938 337 2019 ruptus
362 1938 411 1999 est
433 1933 605 1998 uoluerunt
628 1935 796 1998 restituere
824 1955 903 2017 quas
926 1933 1045 1998 refutat
1067 1931 1240 1998 Muellerus
1264 1936 1284 1998 l.
1304 1959 1326 2000 s.
1347 1959 1370 2000 s.

221 2062 325 2124 neque
362 2041 623 2106 adnotationibus
660 2042 694 2104 in
731 2041 875 2127 margine
915 2040 1064 2105 inferiore
1101 2042 1215 2124 positis
1253 2042 1370 2126 quibus

221 2147 370 2212 similiter
384 2149 459 2212 huic
473 2149 518 2212 rei
535 2169 664 2232 operam
679 2149 812 2212 nauauit
822 2147 1001 2231 Lindsayus
1017 2148 1072 2230 qui
1087 2169 1188 2232 nuper
1199 2146 1370 2214 Schmidtii

221 2261 253 2319 et
276 2253 536 2320 Schottmuelleri
560 2254 666 2318 studia
690 2259 817 2318 strenue
836 2254 1067 2340 redintegrauit
1088 2256 1121 2318 in
1139 2254 1222 2319 libro
1241 2255 1368 2322 Nonius

220 2361 407 2428 Marcellus’
436 2363 614 2444 dictionarp⁷
643 2362 680 2426 of
699 2361 888 2446 republican
910 2360 1006 2425 Latin
1029 2359 1150 2425 Oxford
1171 2361 1254 2426 1901
1280 2387 1309 2448 p.
1328 2365 1366 2428 11

220 2468 322 2553 -35,
349 2469 494 2552 37-78,
523 2469 662 2533 82-88.
709 2467 822 2552 Neque
852 2467 937 2534 credi
964 2471 1073 2553 potest
1101 2469 1186 2551 quod
1210 2470 1293 2535 idem
1317 2472 1369 2536 uir

220 2576 332 2642 doctus
356 2578 536 2661 suspicatus
560 2579 608 2641 est
627 2575 666 2640 de
684 2574 792 2641 Nonio
812 2575 917 2640 medio
937 2596 1016 2640 aeuo
1036 2575 1075 2639 ab
1095 2575 1209 2641 abbate
1228 2577 1367 2661 quodam
1392 2623 1395 2631 -

218 2688 389 2748 retractato
405 2681 449 2770 (p.
464 2680 508 2769 2).
546 2680 658 2749 Veluti
672 2680 811 2747 Gellium
830 2684 1019 2767 plerumque
1039 2682 1151 2747 ordine
1166 2684 1367 2770 sinfflrlorum

218 2790 375 2856 librorum
393 2795 481 2855 recto
501 2795 627 2854 seruato
647 2791 815 2875 exscripsit
828 2788 968 2855 Nonius:
988 2789 1367 2876 tamenp.50,16seqq.

219 2895 315 2961 Gellii
339 2901 435 2982 caput
452 2897 507 2962 lib.
527 2896 558 2961 Π
578 2898 620 2962 22
639 2918 713 2962 cum
732 2898 882 2983 excerpit,
905 2898 967 2961 hoc
986 2898 1082 2962 modo
1102 2898 1250 2983 deinceps
1269 2899 1367 2964 collo·

218 3009 269 3069 cat
285 3002 381 3069 Gellii
395 3004 627 3091 paragraphos:
645 3004 671 3067 7.
689 3004 738 3068 14.
754 3004 804 3068 20.
821 3003 849 3068 9.
882 3003 1051 3069 Praeterea
1065 3008 1192 3090 praeter
1205 3004 1366 3092 Plautum,

217 3112 308 3177 cuius
336 3109 413 3176 XXI
449 3110 574 3177 fabulas
611 3109 760 3176 adhibuit
795 3110 963 3176 Vidularia
998 3113 1070 3176 loco
1108 3113 1222 3176 ultimo
1259 3114 1366 3196 posita

217 3216 262 3304 (p.
285 3218 347 3283 123
367 3223 445 3283 extr.
468 3219 534 3283 468
555 3215 661 3304 extr),
693 3219 726 3282 in
752 3217 843 3282 nullo
873 3222 969 3303 poeta
992 3219 1137 3284 scaenico
1162 3223 1248 3283 certo
1267 3240 1364 3305 agno-

217 3326 336 3390 scimus
360 3325 504 3390 ordinem
524 3325 770 3410 alphabetioum.
817 3324 898 3390 'lum
924 3326 957 3389 in
981 3325 1130 3390 omnibus
1155 3325 1364 3410 scriptoribus

217 3431 482 3497 considerandum
506 3436 555 3496 est
577 3436 686 3497 utrum
709 3454 840 3516 prorsus
868 3432 1077 3518 progrediens
1101 3455 1142 3496 an
1164 3437 1364 3499 retrouersus

217 3537 330 3604 cedens
354 3538 452 3603 uerba
474 3541 575 3623 ponat
597 3540 839 3626 grammaticus:
863 3539 949 3623 quod
971 3562 1011 3603 ne
1035 3541 1069 3604 in
1087 3538 1213 3604 Lucilio
1234 3541 1363 3624 quidem

216 3667 288 3710 cum
318 3645 567 3711 considerauerit
593 3646 773 3731 Lindsayus
801 3646 882 3712 Mus.
905 3646 1007 3711 Rhen.
1027 3645 1118 3711 LVII
1143 3645 1228 3711 1902
1251 3671 1281 3733 p.
1299 3647 1362 3712 196

215 3774 312 3836 seqq,
339 3754 447 3818 omnia
470 3775 551 3837 quae
569 3753 589 3818 l.
610 3777 632 3819 s.
657 3754 834 3838 constituit,
862 3755 900 3819 de
923 3755 1049 3841 integro
1073 3758 1167 3819 erunt
1189 3755 1361 3819 tractanda.

214 3858 361 3944 Denique
394 3861 479 3943 quod
512 3859 799 3927 Schottmuellerus
828 3860 848 3925 l.
869 3884 891 3926 s.
911 3884 940 3945 p.
965 3859 1038 3926 825.
1067 3861 1130 3925 831
1165 3859 1362 3925 Schmidtius

214 3990 243 4051 p.
263 3965 306 4031 35
340 3971 486 4033 statuunt
518 3969 764 4034 commentarios
797 3971 989 4054 scriptorum
1022 3991 1040 4032 a
1069 3967 1178 4033 Nonio
1211 3990 1279 4032 esse
1308 3968 1362 4032 ad-

213 4075 344 4159 hibitos,
368 4080 480 4141 contra
502 4076 682 4161 Lindsayus
701 4100 730 4161 p.
753 4078 817 4141 100
840 4077 954 4141 statuit
972 4076 1123 4141 lemmata
1141 4075 1242 4141 Nonii
1266 4075 1362 4140 ducta

213 4202 280 4247 esse
309 4205 326 4247 e
353 4183 446 4248 libris
474 4184 553 4270 ipsis
581 4185 773 4268 scriptorum
797 4183 949 4249 breuibus
973 4184 1105 4250 scholiis
1129 4182 1360 4269 marginalibus
1498 4182 1501 4186 “

213 4289 384 4375 cromatia,
407 4312 472 4357 nou
496 4313 513 4354 e
535 4291 632 4380 meris
651 4292 899 4376 commentariis,
921 4312 987 4356 nou
1009 4291 1104 4355 uideo
1124 4291 1201 4375 quid
1220 4290 1360 4356 intersit:

212 4397 268 4484 qui
287 4397 384 4463 hodie
403 4398 528 4464 codices
542 4397 684 4464 Venetos
698 4397 807 4465 Iliadis
827 4398 969 4466 illustres
988 4399 1128 4486 adhibet,
1147 4399 1175 4465 is
1195 4401 1227 4464 et
1245 4401 1359 4486 poetae
