3052 5024
223 320 309 375 11111
661 285 939 374 11111110111111.

224 485 332 570 glossa
354 483 395 549 ad
413 482 532 552 Lucilii
555 505 693 568 uersum,
717 483 877 568 posterior
897 483 937 548 ad
955 482 1088 549 Pacuuii
1108 484 1265 568 pertineat
1283 505 1372 550 sena·

223 591 298 657 rios.
339 589 454 675 Itaque
477 591 512 656 in
534 592 595 656 hac
618 590 758 656 editione
781 591 886 655 editor
908 591 1042 656 dadraei
1062 591 1253 656 redundaret
1274 591 1372 657 scribi

224 698 329 763 uoluit
352 699 439 783 apud
461 697 631 784 Lucilium,
654 697 831 763 Pacuuium
855 701 963 762 tamen
980 698 1186 763 redcaetruore
1204 698 1372 783 scripsisse

224 804 400 889 adnotauit,
423 805 509 888 quod
532 804 667 870 uerbum
692 804 835 870 diuersae
854 805 898 869 sit
917 804 1060 890 originis.
1096 802 1202 869 Huius
1222 804 1372 870 editionis

224 911 362 977 similem
386 912 518 995 eiusque
541 910 687 976 scholion
710 910 859 976 adhibuit
880 909 982 976 Nonii
1004 914 1117 976 auctor

312 1042 342 1103 p.
364 1016 498 1101 165,17
524 1018 762 1103 ‘redandruare,
789 1018 901 1084 redire.
946 1017 1089 1083 Lucilius
1112 1018 1167 1083 lib.
1187 1015 1282 1084 VIIII
1310 1018 1371 1084 “ut

224 1124 342 1212 uulgus
373 1124 565 1191 redandruet
597 1124 705 1190 inde”.
755 1124 915 1191 Pacuuius
943 1122 1064 1210 Chryse
1093 1123 1257 1191 “Graecos
1278 1108 1372 1191 „nihil

224 1232 427 1298 mediocriter
449 1231 708 1297 redandruare''.’
753 1230 933 1316 Vtramque
956 1232 1092 1316 denique
1119 1230 1291 1298 lectionem
1320 1255 1372 1298 an-

224 1339 338 1403 druare
366 1343 398 1404 et
425 1344 574 1404 antruare
601 1344 782 1424 agnoscunt
808 1339 965 1426 glossaria
993 1361 1074 1423 quae
1100 1338 1304 1405 adhibuimus
1333 1339 1373 1404 ad

223 1445 279 1510 lib.
298 1443 344 1509 ix
363 1470 393 1510 u.
413 1445 487 1511 320.
532 1444 646 1530 Itaque
669 1446 765 1511 sicuti
788 1450 915 1512 constat
942 1446 1027 1530 apud
1050 1444 1200 1511 Verrium
1230 1445 1373 1512 diuersas

225 1553 364 1618 eiusdem
388 1551 452 1618 looi
475 1550 618 1618 Plautini
641 1551 795 1619 lectiones
818 1552 976 1636 adhiberi,
1004 1552 1088 1618 idem
1115 1552 1227 1618 eadere
1254 1554 1289 1618 in
1311 1553 1373 1619 Lu·

225 1658 334 1724 cilium
358 1663 499 1744 apparet.

315 1766 426 1852 Longe
453 1766 592 1851 plurima
619 1771 728 1831 tamen
755 1767 949 1854 glossemata
975 1766 1142 1855 Lupiliam
1168 1769 1215 1832 ita
1246 1788 1374 1852 eompa-

225 1877 295 1938 rata
318 1876 393 1937 sunt
415 1877 452 1938 ut
474 1876 600 1958 praeter
617 1873 735 1938 Lucilii
753 1871 854 1938 uerba
870 1873 992 1938 nullius
1011 1875 1176 1959 scriptoris
1195 1873 1374 1940 locutiones

228 1983 284 2043 aut
306 2001 417 2043 uersus
441 1979 506 2044 sint
529 1980 647 2045 adlata:
675 1980 781 2065 posita
808 1984 915 2045 autem
939 1985 1014 2046 sunt
1036 2003 1108 2046 raro
1136 1982 1169 2045 111
1196 1981 1374 2065 posteriore

225 2108 306 2169 quae
330 2085 447 2150 dicitur
470 2091 561 2170 parte
583 2087 771 2153 litterarum.
819 2085 941 2164 Quodsi
964 2108 1040 2153 casu
1064 2088 1187 2153 iactum
1211 2108 1281 2152 esse
1309 2109 1374 2151 non

220 2196 331 2276 potest
358 2196 396 2257 ut
417 2191 550 2257 Verrius
573 2192 672 2258 Ennii
699 2192 862 2258 annalium
885 2193 1028 2259 Lucretii
1051 2192 1183 2259 Catonis
1212 2194 1373 2279 originum

225 2297 360 2364 aliorum
388 2298 489 2365 libros
521 2321 654 2366 numero
687 2322 915 2385 saepenumero
947 2300 1097 2386 signarit,
1125 2299 1242 2367 Lucilii
1273 2300 1374 2367 libros

224 2428 382 2490 nusquam
407 2428 542 2472 numero
571 2406 774 2492 indicauerit,
804 2412 939 2493 apparet
966 2429 1185 2492 quaecumque
1209 2430 1226 2472 e
1248 2408 1374 2475 Lucilio

225 2513 335 2578 attulit
357 2511 490 2579 Verrius
514 2535 553 2578 111
576 2514 713 2580 aliorum
737 2514 1019 2601 grammaticorum
1042 2513 1135 2579 libris
1159 2536 1227 2579 esse
1249 2514 1374 2580 hausta.

224 2619 309 2685 Nam
332 2621 360 2685 si
383 2621 451 2705 ipse
474 2620 635 2687 Lucilium
660 2621 804 2705 adiisset,
833 2643 955 2687 nouum
979 2625 1011 2685 et
1034 2622 1214 2707 elegantem
1242 2644 1376 2707 morem,

225 2749 320 2811 quem
344 2727 378 2791 111
401 2725 507 2791 Ennio
531 2727 679 2793 adhibuit
706 2727 806 2792 libros
833 2726 1038 2811 numerandi,
1067 2727 1163 2793 etiam
1192 2729 1227 2794 in
1248 2727 1374 2794 Lucilio

225 2833 430 2900 adhibuisset.
467 2831 598 2899 Atenim
622 2832 708 2899 dicat
726 2834 843 2918 aliquis
863 2833 960 2898 etiam
980 2832 1167 2901 Ciceronem
1186 2834 1286 2900 Ennii
1307 2857 1375 2900 sex-

224 2944 294 3005 tum
318 2943 351 3005 et
372 2962 494 3005 nonum
518 2940 665 3007 annalem
692 2962 765 3006 cum
792 2961 926 3007 numero
954 2939 1030 3006 libri
1057 2941 1184 3027 afferre,
1211 2941 1372 3007 Lucilium

224 3048 286 3112 hoo
309 3047 404 3112 modo
428 3068 596 3131 nusquam.
638 3047 697 3113 oui
720 3046 984 3132 respondebimus
1007 3047 1103 3114 aliam
1125 3070 1195 3115 esse
1212 3048 1372 3114 rationem

227 3153 438 3240 grammatici,
461 3153 557 3219 aliam
581 3153 743 3221 Ciceronis
766 3153 925 3241 longeque
949 3154 989 3220 ab
1013 3154 1070 3220 illa
1093 3155 1261 3221 diuersam.

33 3261 208 3354 stim&
316 3259 487 3326 Proximus
515 3265 565 3326 est
587 3260 713 3326 Plinius
736 3260 901 3327 Secundus
930 3261 985 3346 qui
1014 3261 1048 3327 in
1074 3260 1167 3327 libris
1196 3262 1286 3326 dubii
1310 3284 1375 3327 ser-

95 3369 146 3407 raa
225 3367 331 3432 monis
354 3367 475 3451 passim
497 3390 609 3434 uersus
627 3366 745 3434 Lucilii
767 3367 929 3453 attulerat,
952 3390 1050 3434 suane
1073 3390 1150 3436 usus
1173 3368 1311 3434 lectione
1335 3390 1376 3433 an

227 3471 371 3539 Caesaris
389 3472 544 3539 Varronis
558 3473 665 3539 Verrii
683 3474 820 3540 aliomm
838 3475 929 3541 libris
947 3496 1013 3540 non
1031 3474 1142 3560 liquet.
1178 3473 1218 3542 In
1235 3476 1376 3540 naturali

226 3579 362 3654 historia
384 3601 460 3645 sane
483 3581 718 3665 amplissimum
741 3581 958 3668 fragmentum
980 3581 1035 3646 lib.
1054 3580 1163 3647 XXVI
1186 3606 1215 3647 u.
1234 3580 1300 3648 595
1310 3604 1375 3666 seq.

227 3686 368 3770 positum
400 3687 435 3751 in
465 3687 663 3771 praefatione
696 3686 747 3777 (7)
778 3711 796 3754 e
830 3688 981 3754 Cicerone
1013 3688 1159 3772 sumpsit.
1209 3687 1376 3773 Reliquias

226 3792 391 3859 Plinianae
414 3796 642 3881 grammaticae
666 3818 745 3881 quas
769 3796 956 3882 superstites
980 3817 1048 3862 esse
1071 3793 1226 3861 iudicauit
1243 3793 1376 3881 collegit

226 3899 250 3964 1.
261 3898 313 3965 W.
322 3899 461 3967 Beckius
484 3899 531 3988 (O.
542 3901 642 3967 Plinii
665 3899 802 3968 Secundi
830 3901 985 3967 librorum
1010 3901 1100 3967 dubii
1124 3901 1280 3968 sermonis
1303 3900 1375 3965 reli-

227 4008 320 4092 quiae
348 4007 476 4093 Lipsiae
506 4007 619 4097 1894):
656 4010 842 4094 suppeditat
872 4010 1054 4095 fragmenta
1085 4008 1266 4096 largissime
1296 4005 1376 4072 Cha-

225 4115 321 4181 risius
358 4115 415 4199 qui
446 4115 649 4181 Palaemonis
681 4139 758 4182 usus
789 4117 887 4183 fuerit
919 4117 1021 4202 copiis
1054 4121 1086 4182 et
1116 4113 1193 4181 Iulii
1224 4114 1376 4181 Romani:

227 4222 324 4286 etiam
347 4220 538 4299 Quintiliani
564 4226 721 4289 tractatus
749 4224 788 4289 de
810 4224 1022 4310 grammatica
1043 4221 1104 4308 15,
1119 4221 1238 4306 55-7,
1252 4221 1294 4286 27
1320 4221 1376 4306 qui

227 4326 394 4393 Luciliano
415 4329 567 4413 continet,
591 4327 776 4396 Palaemoni
800 4336 855 4396 aut
873 4329 980 4396 Plinio
1003 4330 1132 4395 uidetur
1155 4329 1277 4394 deberi:
1299 4349 1375 4395 nam

227 4433 296 4520 ipse
326 4433 544 4512 Quintilianus
572 4434 732 4502 Lucilium
763 4459 830 4503 non
859 4437 969 4523 tetigit
1000 4435 1090 4524 (uide
1121 4458 1218 4521 supra
1244 4458 1276 4521 p.
1294 4434 1376 4524 LX).
