3052 5024
604 329 883 382 PROLEGOMENA.
1258 329 1318 381 LXI

170 515 239 557 esse
272 496 412 576 sumpta:
445 491 519 556 uide
552 514 633 576 quae
666 491 818 558 adnotata
849 496 924 556 sunt
956 491 997 556 ad
1026 492 1135 557 incert.
1166 515 1195 555 u.
1222 491 1316 556 1326.

170 599 284 684 Neque
307 598 525 682 Hieronymus
554 621 657 683 neque
680 597 844 664 Ausonius
867 598 984 663 Lucilii
1011 599 1132 684 scripta
1159 599 1194 663 in
1215 599 1316 663 mani·
1329 599 1518 703 etym&

170 706 231 771 bus
254 705 369 770 babuit
393 704 479 788 (uide
502 704 543 769 ad
566 705 675 770 incert.
700 728 752 768 uu.
776 705 850 770 967.
872 701 1096 791 11811199).
1139 704 1211 790 Sed,
1234 727 1316 790 quae
1331 707 1510 799 mmmm

171 816 221 877 est
243 815 358 877 natura
380 811 454 876 talis
478 812 685 895 quaestionis,
706 833 766 877 nos
784 834 961 896 numquam
981 815 1068 877 certo
1087 813 1162 877 anni
1180 834 1313 877 numero
1394 823 1447 852 ”¹⁴⁶²

170 920 349 1004 poterimus
382 918 526 1003 definire,
560 940 623 1002 quo
654 918 882 1005 grammaticus
914 917 1049 984 Latinus
1076 918 1317 986 Luciliancrum

171 1025 304 1091 ultimus
336 1025 487 1090 ultimum
515 1024 667 1091 Suessani
698 1028 813 1109 poetae
846 1025 986 1090 carmina
1013 1027 1188 1110 inspexerit
1214 1048 1318 1110 neque

171 1156 235 1218 quo
260 1133 311 1197 die
333 1131 485 1197 ultimum
508 1133 576 1198 eius
601 1132 764 1216 exemplar
786 1132 821 1197 11
844 1133 961 1197 scrinio
981 1131 1089 1216 aliquo
1109 1132 1177 1198 siue
1194 1132 1318 1198 Romae

171 1240 239 1306 siue
271 1241 307 1304 in
337 1238 503 1324 prouincia
532 1239 664 1324 perierit
691 1238 766 1304 tabe
793 1242 826 1303 11
852 1238 982 1303 madore
1010 1240 1199 1306 confectum.
1245 1238 1318 1304 Hoc

171 1346 395 1411 tantummodo
428 1345 489 1410 1111
515 1346 724 1429 monendum,
755 1349 858 1410 totam
885 1345 969 1410 hanc
997 1347 1217 1429 quaestionem
1246 1368 1318 1411 con-

171 1454 313 1519 iunctam
352 1475 420 1518 esse
457 1474 530 1516 cum
567 1453 754 1537 quaestione
792 1453 830 1517 de
862 1452 937 1516 fatis
969 1452 1153 1517 libellorum
1184 1451 1318 1518 quena-

170 1562 335 1626 lianorum.
380 1557 466 1625 Nam
495 1559 668 1625 scholiasta
693 1558 856 1624 quenalis
884 1580 965 1643 quos
995 1561 1106 1624 attulit
1133 1560 1173 1625 ad
1200 1565 1314 1645 poetae
1328 1560 1520 1654 &idlffijm‘b

174 1669 223 1733 eui
255 1666 553 1752 interpretationem
585 1668 674 1732 locos
697 1665 894 1751 Lucilianos,
926 1666 982 1731 isti
1014 1667 1143 1750 quidem
1175 1689 1215 1731 ex
1246 1669 1317 1753 ipso

171 1779 267 1858 poeta
285 1777 371 1840 certe
390 1777 466 1840 sunt
484 1773 586 1858 electi,
604 1795 670 1839 non
689 1796 728 1838 ex
747 1773 984 1839 commentariis
1002 1771 1105 1839 Persii
1123 1774 1176 1839 uel
1189 1774 1318 1844 Horatii

171 1904 275 1966 neque
308 1904 346 1947 ex
377 1881 545 1968 florilegiis
577 1880 690 1946 aliisue
717 1881 999 1968 grammaticorum
1026 1879 1119 1946 libris
1149 1883 1317 1967 corrogati.

172 1987 294 2065 Quodsi
322 1988 518 2054 scholiorum
541 1987 822 2054 quenalianorum
845 1988 993 2055 collectio
1018 1989 1143 2052 saeculo
1166 1986 1225 2074 IV,
1253 2011 1317 2072 quo

171 2094 333 2161 quenalis
351 2097 471 2180 passim
491 2100 623 2179 coeptus
642 2100 690 2161 est
708 2095 855 2180 lectitari,
875 2117 987 2161 reuera
1007 2095 1093 2160 facta
1107 2098 1155 2160 est
1169 2095 1319 2160 uetustis-

172 2204 262 2287 sima,
276 2207 346 2267 tum
360 2201 465 2267 medio
486 2201 612 2268 saeculo
631 2200 679 2267 IV
692 2202 809 2268 Lucilii
828 2207 860 2266 11
874 2202 973 2268 Ennii
990 2201 1091 2267 libros
1111 2202 1286 2269 etiamtunc
1300 2225 1319 2266 a

174 2310 253 2374 uiris
277 2309 381 2375 doctis
403 2309 565 2374 lectitatos
584 2331 652 2375 esse
671 2313 805 2374 constat.
847 2307 910 2375 Sed
928 2309 1031 2374 multo
1051 2314 1100 2374 est
1118 2309 1318 2394 probabilius

172 2421 300 2501 poetam
323 2416 387 2480 iam
410 2420 545 2482 exeunte
569 2417 696 2481 saeculo
715 2413 748 2481 II
768 2415 878 2481 doctos
898 2438 972 2482 suos
991 2416 1141 2482 babuisse
1159 2420 1318 2485 amatores

173 2523 229 2607 qui
258 2522 376 2588 Lucilii
399 2545 510 2589 uersus
533 2527 566 2588 et
589 2522 689 2589 Ennii
712 2524 746 2588 in
773 2523 840 2587 suis
863 2522 1098 2606 exemplaribus
1121 2523 1317 2588 adnotarint:
1353 2595 1356 2600 ,

173 2651 310 2713 quorum
348 2652 444 2715 opera
479 2631 600 2696 factum
633 2636 682 2696 est
712 2633 750 2695 ut
782 2629 913 2694 omnino
946 2633 1042 2713 poeta
1070 2630 1125 2695 ille
1155 2630 1318 2697 obliuione

174 2737 317 2821 sepultus
348 2760 416 2802 non
442 2737 575 2822 perierit
601 2740 634 2802 11
661 2738 777 2802 iterum
805 2737 839 2801 11
866 2758 979 2802 manus
1007 2740 1040 2800 11
1068 2759 1124 2801 111
1150 2736 1317 2801 hominum

173 2844 355 2927 peruenerit
381 2844 456 2909 inde
483 2867 502 2908 a
530 2844 657 2909 saeculo
680 2843 727 2909 IV
755 2845 886 2908 ineunte
909 2841 1085 2931 (quenalis
1114 2844 1187 2908 edit.
1211 2842 1318 2908 Fried-

172 2951 313 3015 laenderi
331 2949 354 3019 I,
365 2973 395 3036 p
411 2947 476 3036 82).
513 2950 661 3035 Denique
678 2951 837 3037 florilegio
857 2951 947 3018 cuius
966 2955 1078 3016 auctor
1096 2973 1207 3017 omnes
1225 2951 1317 3016 XXX
1334 2950 1450 3000 mulsa

174 3056 295 3122 Lucilii
322 3057 423 3123 libros
451 3058 645 3142 excerpserit
671 3057 875 3123 Lactantium
902 3081 997 3123 usum
1025 3081 1093 3124 csse
1121 3079 1193 3124 cum
1222 3081 1319 3143 supra

174 3163 385 3247 posuerimus,
409 3186 565 3231 memores
587 3187 712 3230 eramus
732 3163 819 3230 illius
838 3165 988 3251 florilegii
1007 3165 1041 3229 11
1059 3187 1123 3249 quo
1143 3165 1258 3232 electas
1280 3188 1319 3229 cx

175 3269 281 3335 Ennio
296 3269 420 3336 Lucilio
430 3269 576 3337 Varrone
590 3258 713 3337 saturas
729 3273 941 3337 collocauerat
954 3270 1055 3336 Iulius
1065 3271 1179 3337 Florus
1189 3270 1318 3337 Horatii

175 3379 316 3462 aequalis
340 3382 470 3442 auctore
492 3377 715 3464 Porphyrione
739 3377 779 3443 ad
801 3377 1001 3463 epist.13,1
1028 3376 1241 3465 (11111145).

262 3483 331 3549 Iam
353 3485 582 3551 transeundum
602 3489 651 3550 est
669 3486 709 3549 ad
728 3487 963 3572 grammaticos,
986 3485 1024 3549 de
1044 3485 1159 3569 quibus
1178 3485 1509 3553 111111111161111111·

175 3591 333 3676 agendum
356 3593 418 3657 erit
436 3593 517 3677 ideo,
541 3592 627 3677 quod
648 3593 689 3657 ad
706 3593 804 3659 uerba
822 3591 940 3658 Lucilii
957 3597 1043 3657 recte
1061 3593 1236 3658 enarranda
1253 3615 1321 3658 non

175 3698 284 3784 magni
312 3703 360 3764 111
387 3698 544 3764 momenti
571 3700 716 3784 quaestio
744 3699 801 3764 illa
828 3699 867 3764 de
895 3699 1077 3765 auctoribus
1106 3705 1138 3765 et
1165 3700 1320 3785 11111111,

175 3805 259 3870 unde
274 3827 349 3871 suos
364 3807 499 3890 quisque
513 3829 625 3873 uersus
640 3807 814 3891 sumpserit
828 3807 1064 3892 grammaticus.
1099 3805 1215 3892 Neque
1233 3808 1319 3872 enim

175 3911 258 3977 solui
290 3913 353 3977 ista
383 3917 492 3997 potest
524 3915 669 3998 quaestio
702 3913 822 3998 ubique
854 3918 899 3997 et,
931 3915 960 3978 si
987 3915 1092 3979 soluta
1120 3919 1181 3998 est,
1215 3915 1318 3979 denuo

175 4020 285 4085 existit
307 4021 416 4085 statim
439 4043 525 4086 noua
548 4022 693 4105 quaestio
717 4021 801 4086 unde
823 4041 953 4085 uersum
977 4020 1104 4086 duxerit
1126 4025 1238 4086 auctor
1265 4019 1319 4084 ille

175 4128 377 4212 grammatici
403 4126 500 4192 modo
528 4128 693 4213 inuentus,
720 4131 828 4192 utrum
857 4128 919 4193 alio
944 4128 1091 4213 deinceps
1119 4130 1249 4192 auctore
1277 4127 1320 4191 sit

174 4254 252 4298 usus
280 4233 335 4298 ille
362 4257 404 4299 an
431 4235 537 4319 ipsum
565 4235 681 4300 adierit
707 4240 844 4319 poetam.
895 4232 1003 4319 Atque
1029 4235 1169 4320 primum
1198 4233 1231 4297 in
1258 4232 1319 4298 hec

175 4342 363 4424 quaestione
386 4346 522 4426 occupat
544 4342 651 4408 locum
669 4341 712 4406 M.
726 4341 894 4408 Terentius
912 4340 1016 4406 Varro
1038 4342 1168 4425 eiusque
1186 4339 1262 4405 libri
1282 4340 1320 4404 de
1339 4357 1406 4397 Varro

175 4448 287 4534 lingua
313 4448 429 4514 Latina
456 4470 593 4534 quorum
621 4450 660 4515 de
687 4449 872 4516 auctoribus
899 4470 1002 4531 nuper
1029 4448 1095 4533 egit
1121 4446 1318 4513 111111111-
