3082 5018
592 343 871 395 PROLEGOMENA.
1218 338 1316 394 0va

167 505 385 589 aestimandis,
404 508 437 568 ct
455 503 550 570 sicuti
568 509 716 588 parentes
736 504 774 568 de
792 504 968 571 liberorum
987 504 1171 588 uirtutibus,
1190 504 1236 568 ita
1252 504 1315 569 uiri
1408 555 1411 560 .

167 611 254 677 docti
268 611 338 676 falli
352 612 457 676 solent
472 611 510 676 de
525 612 647 698 ingenii
661 612 711 676 sui
724 611 794 676 fetu
808 616 840 677 et
849 612 1089 699 propaginibus.
1112 610 1157 675 Et
1166 610 1315 676 Muelleri

167 722 199 784 et
221 718 419 784 Lachmanni
443 723 475 784 et
497 720 673 784 multorum
696 740 788 784 curas
815 723 846 783 et
874 741 986 804 operas
1015 718 1125 785 sedulo
1154 740 1205 782 me
1233 717 1314 782 arbi-

166 829 236 890 tror
255 826 424 912 collegisse
443 823 478 889 in
494 825 556 890 hac
574 825 722 908 editione,
740 847 844 910 neque
858 829 965 891 tamen
979 827 1105 891 finitam
1119 847 1187 890 esse
1200 828 1314 909 poetae

167 932 352 998 difficillimi
375 933 631 998 emendationem
655 935 686 997 et
709 933 1014 1018 interpretationem,
1040 933 1095 998 sed
1118 933 1268 1017 coepisse.

166 1150 331 1230 ponerent,
353 1168 418 1211 non
443 1151 491 1212 est
515 1146 600 1230 quod
623 1148 777 1211 miremur
796 1144 927 1233 (testim.
942 1147 994 1213 48,
1013 1144 1085 1234 49):
1108 1147 1204 1211 huius
1228 1146 1313 1211 enim

167 1253 322 1319 Horatius
346 1257 458 1318 auctor
479 1253 585 1318 fuerat
608 1253 719 1318 iudicii
738 1254 807 1338 ipso
826 1252 1141 1337 serm.111,74.29.
1164 1251 1247 1338 110,
1260 1253 1312 1318 48.

167 1360 204 1426 Id
228 1364 337 1427 tamen
360 1359 570 1426 memorabile
594 1363 650 1446 est,
673 1361 846 1426 nonnullos
869 1361 1032 1427 Lucilium
1056 1363 1101 1425 ita
1119 1365 1197 1425 tunc
1214 1360 1313 1425 habu-

166 1469 228 1532 isse
253 1468 315 1533 sibi
339 1467 464 1533 deditos
489 1471 655 1547 amatores,
680 1469 735 1552 qui
759 1468 909 1532 omnibus
932 1490 1006 1533 eum
1029 1469 1133 1553 poetis
1152 1469 1313 1552 praeferre

165 1597 231 1641 non
254 1575 404 1640 dubitent
433 1572 566 1662 (testim.
580 1572 647 1662 48).
695 1573 756 1651 Qui
784 1575 931 1640 homines
959 1576 1092 1660 plurimi
1120 1597 1194 1640 sane
1218 1575 1313 1639 facie-

165 1682 243 1746 bant
272 1681 456 1769 indigenam
485 1683 598 1767 poesin
625 1686 657 1746 ot
684 1682 849 1766 Latinam,
876 1681 979 1767 pluris
1007 1681 1167 1748 faciebant
1193 1680 1312 1746 Italum

167 1788 297 1854 omnino
326 1793 451 1854 acetum
481 1811 576 1872 quam
607 1791 688 1854 sales
712 1787 838 1855 Atticos
868 1788 999 1877 (testim.
1015 1787 1082 1875 59).
1128 1786 1237 1873 Atque
1260 1789 1311 1853 ad-

165 1897 364 1961 mirabantur
404 1897 551 1980 inprimis
589 1900 703 1980 poetae
740 1896 904 1962 audaciam
942 1898 1137 1983 singularem
1175 1894 1308 1979 (testim.
1322 1883 1484 1989 ''tm‘l‘b

165 2003 216 2068 53.
231 2001 304 2091 54),
329 2003 472 2069 studium
495 2004 626 2069 uirtutis
650 2006 840 2069 acerrimum
865 2001 998 2091 (testim.
1014 2001 1151 2091 51157),
1173 2003 1255 2068 sales
1279 2006 1311 2068 et

164 2110 306 2194 facetias,
325 2112 502 2176 doctrinam
518 2114 550 2175 et
564 2108 786 2175 eruditionem.
823 2109 1044 2177 Acrimoniam
1058 2114 1172 2196 poetae
1187 2103 1523 2197 primusdgssgug'qgssyg·

164 2239 365 2303 comparasse
388 2218 518 2283 uidetur
540 2217 697 2282 Horatius
722 2216 921 2303 11111141
940 2241 1027 2303 seqq.
1048 2240 1120 2283 oum
1141 2218 1260 2283 aculeis
1280 2222 1313 2282 ct

165 2323 267 2389 hastis
282 2329 449 2409 poetarum
465 2325 647 2390 comoediae
661 2326 779 2389 ueteris
794 2324 932 2408 Atticae,
952 2347 1087 2409 quorum
1104 2348 1202 2410 opera
1215 2329 1312 2410 pocta

164 2431 259 2497 modo
289 2432 424 2518 legerat3
456 2455 531 2497 nam
560 2454 628 2497 sese
656 2433 752 2496 modo
781 2435 919 2515 ueteres,
948 2455 1027 2516 quas
1056 2432 1144 2496 domi
1171 2431 1311 2496 habebat

163 2536 434 2626 (serm.II3,12)
468 2540 649 2605 comoedias
682 2540 800 2626 legisse
828 2560 901 2603 cum
930 2540 1145 2604 ostentatione
1173 2539 1310 2623 quadarn

163 2644 182 2708 l.
198 2666 222 2709 s.
244 2640 440 2730 pronuntiat
456 2643 472 2709 I
489 2645 538 2730 10,
556 2645 596 2709 17
617 2646 709 2730 ‘quos
728 2668 832 2731 neque
850 2645 985 2731 pulcher
1002 2645 1223 2732 Hermogenes
1243 2670 1310 2710 um-

164 2774 260 2837 quam
291 2753 372 2838 legit
398 2775 503 2837 neque
531 2752 643 2818 simius
671 2753 732 2818 iste
758 2753 806 2818 nil
833 2757 958 2837 praeter
981 2751 1117 2818 Caluum
1141 2757 1173 2818 et
1196 2753 1310 2819 doctus

163 2862 290 2924 cantare
318 2859 503 2925 Catullum'.
552 2859 641 2925 Idem
669 2860 824 2926 Horatius
852 2862 1018 2948 ingenium
1044 2861 1163 2926 Lucilii
1189 2862 1309 2946 passim

163 2989 358 3053 magnopere
384 2990 451 3034 sese
475 2967 626 3033 admirari
649 2968 812 3054 professus
837 2972 894 3051 est,
923 2972 972 3033 ter
995 2990 1063 3033 sese
1087 2969 1170 3035 infra
1193 2968 1310 3033 Lucilii

165 3096 233 3138 esse
256 3076 393 3140 uirtutes
417 3079 449 3169 et
468 3077 618 3141 meritum
638 3077 796 3141 concessit
814 3073 1146 3162 (serm.H1,74.29.
1169 3075 1185 3141 Ι
1202 3075 1251 3160 10,
1266 3075 1309 3138 48

75 3235 77 3239 ,
163 3183 282 3245 testim.
297 3179 453 3269 50-52).
488 3181 613 3247 Grande
627 3185 834 3268 praeconium
849 3187 962 3269 postea
976 3205 1109 3268 poeseos
1124 3183 1309 3248 Lucilianae

162 3285 324 3353 quenalis
358 3288 504 3355 cecinitI
521 3289 583 3354 165
612 3288 745 3377 (testim.
765 3287 836 3376 53):
868 3312 984 3375 nempe
1011 3289 1106 3354 rubet
1134 3291 1310 3374 improbus,

162 3416 235 3459 cum
258 3395 376 3460 Lucilii
405 3396 495 3461 audit
522 3419 634 3461 uersus
663 3401 695 3461 et
722 3399 839 3462 tacitus
867 3398 970 3461 timet.
1016 3394 1061 3461 At
1090 3395 1201 3474 οὐδεὶς
1226 3408 1310 3479 γοῦν

156 3499 353 3587 Ὑπερείδην
376 3502 637 3587 ἀναγιγνώσκων
656 3507 808 3587 φοβεῖται
828 3505 1003 3571 secundum
1022 3504 1158 3590 Longin.
1179 3504 1217 3568 de
1236 3504 1309 3569 sub-

160 3607 227 3671 lim.
243 3629 310 3693 cap.
326 3609 378 3691 34,
397 3609 432 3693 4,
464 3631 530 3675 cam
560 3611 615 3675 ille
638 3615 735 3695 poeta
756 3633 933 3694 numquam
957 3612 1123 3696 scripserit
1146 3611 1231 3695 ἀργὰ
1254 3611 1308 3676 καὶ

161 3715 221 3778 τὸν
253 3714 418 3800 ἀκροατὴν
450 3717 584 3801 ἠρεμεῖν
616 3716 720 3782 ἐῶντα
753 3721 882 3783 auctore
914 3716 1074 3783 quenale.
1130 3717 1237 3802 Atque
1270 3720 1309 3783 de

160 3821 293 3886 audacia
316 3821 433 3888 Lucilii
458 3845 554 3907 supra
577 3828 684 3890 actum
707 3827 757 3889 ost
779 3825 813 3887 in
837 3826 941 3909 capite
965 3825 1004 3889 de
1028 3829 1154 3890 saturae
1172 3824 1309 3890 historia

160 3952 190 4014 p.
205 3927 295 3992 XVI:
320 3930 386 3993 uim
406 3929 475 3992 eius
499 3933 531 3992 et
554 3930 762 3995 acrimoniam
785 3953 852 3996 non
875 3934 1001 3996 tantum
1026 3933 1060 3996 in
1083 3933 1220 3997 auaritia
1243 3955 1307 3997 am·

160 4035 283 4101 bitione
311 4035 476 4101 fraudibus
500 4037 628 4101 luxuria
656 4039 775 4122 stupris
804 4038 1000 4125 castigandis
1025 4039 1209 4104 etiamnunc
1232 4038 1307 4103 licet
1369 4031 1372 4036 ’

160 4143 321 4229 admirari,
345 4143 408 4227 sed,
432 4144 592 4229 imprimis
612 4146 698 4228 quod
716 4148 863 4210 nostrum
883 4147 1044 4210 saeculum
1064 4145 1214 4210 admirari
1235 4167 1306 4210 oon·

161 4254 346 4316 sentaneum
370 4255 434 4334 est,
461 4252 494 4316 in
520 4255 748 4337 superstitione
776 4253 945 4319 hominum
974 4252 1148 4336 irridenda,
1176 4254 1209 4316 in
1238 4275 1308 4317 ora·

159 4363 265 4422 torum
292 4359 474 4446 praestigiis
501 4360 622 4426 fucosis
650 4361 834 4444 illudendis,
867 4360 1003 4445 danique
1031 4360 1065 4424 in
1097 4359 1306 4445 philosopho·

158 4487 229 4532 rum
262 4468 294 4531 et
327 4466 543 4552 sophistarum
577 4468 729 4554 captiosis
762 4473 794 4534 et
825 4468 1004 4554 nugatoriis
1032 4467 1306 4553 disputationibus
