3052 5024
604 315 884 367 PROLEGOMENA.
1264 313 1325 368 LIX

46 496 50 498 ’
180 475 281 562 signis
295 473 475 543 Aristarchi
494 475 643 541 ediderit:
663 477 701 542 de
720 475 751 543 S.
765 481 844 542 nota
860 476 1089 561 praenominis
1099 477 1185 560 quod
1198 478 1326 543 restitu-

179 583 263 648 imus
293 583 368 648 uide
394 582 432 647 Ε.
460 582 667 649 Huebnerum
700 583 734 648 in
762 583 914 650 enchirid.
960 582 989 647 J.
1019 573 1057 648 (16
1085 582 1232 649 Muelleri
1260 584 1324 650 uol.
1399 661 1402 668 Ι

179 686 685 777 16666666;

269 794 449 880 Scriptores
464 795 520 880 qui
534 796 649 861 Lucilii
662 818 776 861 uersus
791 797 927 862 afferunt
941 798 975 861 in
988 794 1038 861 ΙΠ
1047 796 1177 862 discribi
1190 801 1326 881 possunt
1340 821 1371 862 ne
1383 821 1523 886 cessasses

182 905 311 987 classes3
338 923 474 986 quarum
501 903 606 987 prima
628 907 677 968 est
700 925 824 988 eorum,
853 905 908 988 qui
931 926 997 969 non
1020 904 1248 989 grammaticae
1271 909 1326 969 aut
1340 877 1509 969 stltsltttlti

179 1010 358 1076 rhetoricae
389 1009 525 1075 studiosi
556 1011 645 1077 locos
675 1013 789 1095 poetae
816 1011 993 1075 attulerunt
1020 1009 1076 1074 sed
1104 1011 1326 1076 tantummodo
1340 1033 1360 1085 1)
1375 1034 1472 1074 orcae
1485 1038 1504 1074 n

181 1138 218 1181 ea
250 1116 289 1180 de
321 1138 429 1200 causa,
463 1120 500 1181 ut
531 1117 708 1202 legentium
741 1117 793 1182 uel
825 1116 1023 1182 audientium
1056 1116 1181 1182 animos
1212 1121 1327 1202 poetae
1379 1091 1450 1138 'mm

181 1222 328 1289 uersibus
374 1224 576 1289 delectarent.
646 1223 789 1300 Quorum
835 1224 869 1289 in
909 1247 1043 1289 numero
1085 1224 1325 1289 uetustissimus
1343 1249 1413 1289 aero

181 1331 324 1395 omnium
352 1334 402 1394 est
424 1330 466 1395 M.
491 1329 616 1397 'Pullius
641 1328 765 1416 Cicero,
794 1332 851 1416 qui
878 1331 913 1396 in
940 1332 1069 1417 scriptis
1098 1330 1267 1396 rhetoricis
1295 1335 1328 1396 et

181 1437 416 1523 philosophicis
448 1441 481 1502 et
511 1439 546 1503 in
578 1437 725 1524 epistulis
752 1438 873 1523 passim
901 1460 1011 1504 uersus
1035 1437 1179 1503 laudauit
1201 1436 1327 1521 Lucilii,
1431 1462 1435 1470 ‘

181 1546 216 1610 in
249 1545 447 1612 orationibus
481 1545 526 1610 eis
560 1567 642 1630 quae
669 1549 745 1610 sunt
772 1546 959 1631 superstites
987 1566 1146 1629 nusquam
1175 1567 1247 1609 eum
1275 1543 1327 1608 ad-

179 1652 287 1717 hibuit
317 1654 461 1735 poetam,
491 1650 547 1734 qui
580 1655 612 1715 et
642 1651 802 1716 nobilium
831 1651 940 1716 fautor
971 1651 1069 1717 fuerit
1097 1652 1268 1717 acerrimus
1296 1654 1328 1716 et

180 1761 320 1844 scriptor
346 1757 479 1823 minime
506 1757 680 1843 popularis.
726 1757 839 1842 Itaque
868 1758 954 1842 quod
978 1757 1193 1834 Quintilianus
1218 1757 1329 1825 scribit

183 1866 299 1950 18,11
335 1863 467 1952 (testim.
499 1861 558 1950 46)
591 1864 677 1949 apud
710 1863 896 1930 Ciceronem
928 1865 1112 1951 praecipue,
1144 1865 1328 1949 frequenter
1346 1892 1436 1931 renim

179 1978 287 2039 tamen
309 1972 407 2038 etiam
429 1971 516 2056 apud
533 1969 684 2037 Asinium
707 1976 740 2036 et
762 1971 926 2056 proximos
946 1976 1098 2056 oratores,
1121 1970 1219 2037 Ennii
1237 1969 1329 2037 Accii

180 2080 314 2146 Pacuuii
336 2078 454 2144 Lucilii
482 2079 617 2144 aliorum
645 2079 743 2143 inseri
766 2101 894 2164 uersus,
922 2080 956 2144 id
979 2080 1018 2144 (16
1040 2078 1146 2145 Asinii
1169 2083 1201 2144 et
1223 2079 1330 2162 proxi-

180 2209 308 2253 morum
327 2186 526 2252 orationibus
545 2185 667 2251 dictum
683 2208 751 2251 esse
765 2190 899 2270 apparet
914 2187 1000 2270 quod
1015 2186 1054 2252 ad
1068 2184 1186 2251 Lucilii
1200 2184 1329 2268 quidem

181 2317 293 2361 uersus
316 2294 469 2379 pertinet3
496 2293 639 2377 reliquos
663 2315 744 2377 quos
766 2293 914 2358 nominat
936 2292 1152 2371 Quintilianus
1174 2295 1287 2377 poetas
1310 2315 1329 2356 a

184 2402 337 2468 Cicerone
355 2401 390 2465 in
409 2400 609 2466 orationibus
628 2401 749 2484 passim
767 2401 915 2466 laudatos
932 2401 1032 2466 fuisse
1050 2401 1087 2466 in*
1099 2399 1329 2465 commentario

181 2512 201 2574 l.
221 2531 244 2573 s.
265 2531 288 2574 6.
308 2507 441 2574 adnotat
460 2506 665 2594 Spaldingus.
707 2507 878 2573 Horatium
897 2504 1004 2574 Asinii
1022 2507 1188 2592 aequalem
1207 2506 1328 2592 passim
1342 2535 1447 2576 sunsei

182 2617 344 2682 imitatum
374 2635 442 2679 esse
470 2613 631 2680 Lucilium
662 2614 755 2700 pueri
788 2614 947 2679 discimus.
999 2613 1063 2680 Sed
1095 2637 1135 2679 ne
1163 2612 1327 2700 Vergilius
1346 2643 1452 2692 veranius

183 2723 311 2808 quidem
348 2742 479 2807 prorsus
512 2720 669 2786 abstinuit
701 2721 881 2786 elocutione
912 2719 1091 2786 Luciliana:
1127 2724 1213 2786 recte
1245 2721 1330 2786 enim

182 2831 332 2896 uidentur
354 2851 422 2894 esse
446 2829 616 2893 obseruata
638 2851 720 2913 quae
739 2828 823 2914 apud
842 2827 1041 2893 Macrobium
1060 2826 1108 2893 VI
1124 2829 1152 2913 1,
1166 2825 1209 2892 35
1232 2831 1265 2891 et
1287 2827 1331 2893 43

181 2941 334 3025 leguntur
371 2937 410 3001 de
446 2935 592 3022 Vergilio
632 2935 752 3002 Lucilii
794 2936 969 3020 imitatore,
1010 2957 1084 3001 cum
1125 2935 1188 3000 alia
1228 2935 1331 3000 ueluti
1398 2963 1402 2968 ·

184 3068 264 3130 quae
293 3043 424 3110 Seruius
455 3043 623 3108 adnotauit
650 3044 691 3108 ad
717 3041 797 3108 Aen.
821 3043 932 3109 X104
960 3042 1115 3109 stultitiae
1143 3043 1209 3107 sint
1235 3043 1332 3126 plena

184 3156 216 3216 et
242 3173 395 3238 peruersa
422 3148 512 3237 (uide
539 3151 579 3214 ad
607 3150 662 3215 lib.
690 3148 706 3214 I
733 3174 764 3216 u.
792 3150 858 3215 3.4
885 3151 940 3215 lib.
968 3149 1000 3215 V
1027 3174 1056 3215 u.
1085 3149 1150 3215 218
1179 3146 1274 3213 XVII
1300 3172 1331 3213 u.

183 3255 273 3344 547).
314 3256 422 3342 Atque
445 3257 591 3324 satiricos
614 3261 726 3342 poetas
745 3256 907 3323 Lucilium
925 3257 1042 3345 legisse
1061 3256 1164 3322 ueluti
1182 3256 1329 3321 Persium
1344 3287 1430 3327 pmcn

184 3362 272 3452 (uide
305 3365 346 3430 ad
373 3364 535 3430 lib.Xn.
559 3363 717 3431 36316.
742 3361 777 3450 9)
806 3368 839 3429 et
864 3363 1050 3429 quenalem
1080 3367 1330 3430 consentaneum

184 3476 244 3558 est,
277 3494 415 3556 quorum
446 3472 481 3536 in
512 3493 646 3537 numero
674 3470 803 3536 Persius
837 3471 979 3537 studiose
1011 3493 1140 3536 uersum
1170 3471 1332 3557 integrum

92 3573 93 3578 ¹
182 3579 300 3646 Lucilii
323 3579 524 3650 transtulerit
546 3580 580 3644 in
604 3602 694 3644 suam
719 3578 948 3662 saturam113
970 3578 1027 3644 sed
1049 3578 1221 3663 Martialis,
1245 3577 1330 3662 quod
1345 3610 1455 3650 Maricae,

183 3686 267 3753 idem
290 3687 368 3752 fecit
390 3685 436 3752 XI
450 3687 493 3751 90
517 3685 606 3774 (uide
629 3686 669 3751 ad
691 3685 747 3751 lib.
770 3684 864 3750 XXII
887 3676 1037 3773 114580),
1061 3685 1093 3749 id
1116 3708 1153 3750 ea
1176 3685 1215 3749 de
1238 3707 1334 3751 causa

184 3794 254 3860 fieri
282 3794 400 3879 uoluit,
429 3798 466 3858 ut
489 3817 600 3859 eorum
624 3793 731 3860 studia
754 3796 786 3860 et
808 3793 938 3858 fastidia
961 3792 1079 3858 derisui
1101 3792 1249 3877 haberet,
1277 3793 1333 3876 qui

183 3906 328 3968 ueterum
346 3895 516 3986 poetarum
534 3901 638 3967 libros
657 3901 792 3966 mallent
810 3901 916 3988 legere
935 3923 1032 3985 quam
1045 3900 1232 3965 recentium.
1268 3898 1332 3965 Ne-

184 4032 247 4094 que
278 4009 381 4095 igitur
408 4006 567 4074 Martialis
595 4008 773 4074 accuratius
801 4007 927 4074 Lucilio
956 4028 1086 4092 operam
1115 4006 1203 4072 dedit
1229 4027 1333 4090 neque

183 4116 367 4182 Petronius:
386 4116 442 4199 qui
461 4117 548 4200 quod
567 4117 666 4182 semel
685 4113 766 4203 (cap.
786 4116 823 4181 4:
841 4115 917 4181 uide
934 4115 1043 4181 incert.
1062 4139 1093 4181 u.
1115 4112 1332 4178 ramessem.
1347 4148 1460 4188 parom-u,

186 4222 242 4311 77)
275 4223 398 4288 dictum
429 4222 576 4289 laudauit
602 4223 732 4307 Lucilii,
765 4223 798 4289 id
831 4223 1075 4290 celeberrimum
1106 4221 1206 4286 fuisse
1238 4223 1271 4285 et
1299 4220 1333 4285 in

184 4331 297 4417 primis
320 4331 397 4397 ferri
420 4331 521 4415 uulgo
548 4331 678 4395 solitum
699 4334 788 4416 patet
806 4329 937 4416 Apuleii
956 4329 1142 4395 testimonio
1162 4328 1202 4392 ad
1220 4328 1331 4394 incert.

184 4437 205 4503 l.
225 4459 249 4503 6.
269 4437 357 4525 quod
375 4442 424 4506 est
438 4438 631 4525 appositum.
669 4437 783 4525 Neque
798 4438 832 4503 in
846 4437 1111 4525 inscriptionibus
1126 4434 1332 4526 Pompeianis
