3052 5024
575 322 853 376 PROLEGOMENA.
1250 323 1285 376 LI

138 482 248 548 matici
276 482 339 547 duo
367 481 496 548 Vettius
524 482 731 549 Philocomus
759 488 792 548 et
819 483 854 562 Q.
866 484 994 550 Laelius
1021 483 1199 552 Archelaus
1230 487 1286 572 qui

138 587 312 655 familiares
335 589 463 654 fuerant
484 593 611 675 poetae:
635 590 720 675 quod
743 594 829 656 recte
847 592 1001 657 traditum
1019 597 1068 658 est
1086 615 1134 679 ap.
1155 590 1284 658 Sueton.

139 697 178 760 de
208 718 340 782 gramm.
365 696 386 760 2
414 693 546 783 (testim.
570 694 642 784 40);
676 701 801 763 constat
830 703 994 783 praeterea
1025 700 1064 764 de
1095 698 1198 765 Vettii
1231 698 1286 764 ali·

140 802 231 869 cuius
264 808 297 869 et
323 801 439 868 Lucilii
469 803 611 868 amicitia
638 802 914 888 incert.u.1322,
940 805 996 869 ubi
1023 806 1098 870 uide
1126 828 1207 891 quae
1234 807 1287 875 ad—

138 911 330 976 notauimus.
369 908 530 996 Sanguine
549 914 582 975 61
600 911 756 976 affinitate
775 932 849 976 cum
867 915 963 997 poeta
982 912 1170 978 coniunctus
1188 912 1286 979 fuerit

139 1039 212 1084 cum
235 1021 330 1104 gente
348 1016 460 1104 Magni
478 1016 624 1103 Pompei,
646 1019 764 1082 mirum
787 1040 853 1082 non
876 1022 926 1083 est
948 1020 1075 1105 egregie
1103 1041 1158 1084 eos
1184 1041 1287 1106 gram-

140 1124 274 1190 maticos
301 1124 426 1189 Lucilio
455 1145 585 1210 operam
613 1124 738 1190 dedisse
766 1126 822 1210 qui
849 1124 1062 1211 Pompeianae
1090 1126 1203 1193 domus
1231 1132 1287 1193 aut

139 1233 272 1298 clientes
304 1236 394 1296 erant
424 1235 479 1297 aut
505 1236 613 1317 partes
640 1231 775 1317 Pompei
803 1232 1030 1316 sequebantur,
1060 1236 1169 1317 quales
1197 1239 1287 1299 erant

140 1337 288 1405 Valerius
308 1335 402 1424 cato,
424 1338 598 1425 Pompeius
621 1338 778 1423 Lenaeus,
802 1337 931 1404 Curtius
954 1337 1063 1404 Nicias
1092 1338 1223 1428 (testim.
1242 1341 1287 1405 40

137 1444 257 1535 -42);
285 1447 420 1512 summis
446 1446 595 1512 laudibus
623 1446 715 1511 effert
742 1445 859 1511 Lucilii
886 1446 1063 1512 doctrinam
1095 1448 1285 1533 elegantiam

140 1554 354 1619 urbanitatem
372 1552 415 1618 M.
429 1551 539 1619 Cicero
557 1552 773 1639 Pompeianus
796 1549 927 1640 (testim.
943 1551 994 1619 58.
1009 1552 1061 1618 59.
1078 1552 1142 1642 12).
1179 1551 1209 1618 A
1225 1576 1288 1638 que

139 1663 193 1727 uel
228 1661 351 1726 Latinis
392 1661 578 1726 hominibus
619 1683 700 1746 opus
738 1660 837 1727 fuisse
874 1665 929 1726 aut
965 1664 1195 1728 commentario
1232 1666 1289 1727 aut

139 1773 321 1835 enarratore
354 1768 393 1834 ad
425 1791 537 1834 uersus
566 1773 680 1854 poetae
707 1773 792 1834 recte
819 1768 1052 1855 intellegendos
1080 1771 1186 1853 quiuis
1215 1791 1287 1835 con-

139 1876 229 1942 cedet
255 1877 311 1961 qui
332 1874 453 1940 libriV
471 1874 638 1940 exordium
662 1871 706 1962 (u.
723 1874 784 1939 181
797 1872 898 1961 seqq.)
917 1874 1033 1961 legerit
1051 1875 1287 1942 difficillimum.

139 1984 267 2050 Laelius
289 1981 466 2049 Archelaus
493 1983 646 2068 magister
672 1982 777 2047 fuerat
798 1982 933 2067 Pompei
955 1982 1072 2048 Lenaei
1096 1985 1151 2068 qui
1169 1983 1284 2050 Lucilii
1292 2000 1502 2053 aspernamus

130 2093 262 2173 saturas
281 2091 366 2175 apud
385 2090 478 2156 illum
493 2091 624 2177 legerat,
643 2093 783 2155 saturam
798 2089 1035 2155 acerbissimam
1049 2089 1084 2155 in
1099 2088 1287 2157 Sallustium

140 2198 374 2283 conscripserat
392 2194 538 2285 (Sueten.
557 2196 596 2262 de
614 2219 747 2283 gramm.
769 2195 839 2284 15);
861 2202 947 2262 recte
968 2198 996 2263 si
1014 2220 1062 2283 ap.
1082 2197 1288 2264 scholiastam

138 2303 301 2370 quenalis
324 2303 462 2370 61120
486 2301 670 2392 (Auruncae
693 2304 783 2370 flexit
805 2302 968 2392 alumnus)
996 2325 1070 2368 cum
1099 2303 1288 2371 casaubono

138 2413 258 2499 legitur
281 2411 350 2477 ‘uel
372 2410 534 2476 Lenaeum
561 2411 653 2496 dicit,
683 2412 739 2495 qui
767 2414 799 2476 et
826 2412 894 2496 ipse
923 2412 1037 2478 satiras
1065 2412 1209 2496 scripsit’
1232 2413 1289 2477 ubi

138 2519 293 2585 traditum
327 2523 376 2584 est
406 2518 537 2598 1661616,
568 2517 703 2583 libertus
736 2518 791 2583 1116
820 2516 931 2604 Magni
963 2518 1097 2603 Pompei
1127 2519 1217 2583 ouius
1250 2520 1289 2584 de

139 2627 263 2713 origine
282 2626 375 2692 aliter
394 2626 491 2692 tradit
510 2624 682 2692 Sdetonius
700 2626 720 2690 l.
741 2646 773 2704 s,
792 2647 831 2689 ex
850 2625 961 2691 eodem
980 2625 1156 2710 municipio
1175 2647 1288 2711 proue-
1331 2697 1410 2738 mm

139 2737 229 2799 norat
258 2753 321 2818 quo
349 2732 503 2799 Lucilius.
529 2732 597 2798 'De
624 2731 729 2798 Vettii
755 2731 936 2797 Philocomi
968 2733 1083 2798 studiis
1111 2732 1286 2798 Lucilianis
1300 2749 1431 2793 formemus

139 2841 248 2928 agitur
270 2840 417 2925 pluribus
440 2839 586 2906 uersibus
611 2838 675 2905 illis
699 2843 786 2923 octo,
814 2840 870 2924 qui
897 2863 916 2904 a
943 2838 1151 2926 grammatico
1175 2841 1288 2907 aetatis

138 2949 205 3014 iere
242 2946 457 3014 Suetonianae
486 2947 667 3033 ,praepositi
704 2951 779 3012 sunt
809 2945 939 3040 Horatii
972 2950 1097 3012 saturae
1128 2946 1288 3013 lib.110

139 3053 271 3143 (testim.
291 3054 359 3143 41).
405 3054 467 3132 Qui
495 3054 724 3141 grammaticus
752 3053 894 3119 eiusdem
922 3055 1048 3140 generis
1076 3059 1144 3120 erat
1170 3054 1287 3120 nebulo

139 3167 235 3247 atque
267 3163 322 3227 ille
355 3163 410 3247 qui
442 3159 593 3227 Aeneidis
624 3159 743 3227 librol
774 3170 886 3226 uersus
918 3161 992 3226 illos
1011 3159 1058 3227 IV
1089 3162 1288 3247 praeposuit3

139 3291 276 3354 quorum
294 3266 394 3334 Nisus
418 3269 472 3334 ille
496 3290 569 3334 cum
592 3268 831 3334 uetustissimus
855 3268 897 3333 sit
915 3267 1007 3333 testis
1027 3265 1172 3355 (Sueton.
1193 3291 1220 3352 p.
1237 3267 1288 3332 64.

139 3375 182 3442 65
197 3374 259 3464 n),
278 3376 390 3441 dubito
406 3398 446 3441 an
460 3377 529 3461 ipse
544 3397 599 3440 eos
614 3375 744 3440 finxerit
759 3374 939 3440 Martialem
955 3374 1099 3440 imitatus
1114 3371 1175 3462 (IX
1189 3375 1287 3459 praef.

139 3482 168 3547 5.
184 3483 237 3567 28,
251 3484 280 3548 2.
300 3482 331 3547 X
345 3481 397 3567 53,
414 3481 458 3570 1),
476 3487 640 3568 tamquam
660 3483 688 3547 si
707 3482 849 3569 effigiem
863 3485 977 3566 poetae
991 3481 1186 3546 carminibus
1200 3502 1288 3566 prae-

137 3591 278 3675 positam
298 3589 446 3670 (Martial.
466 3588 544 3655 XIV
560 3588 639 3678 186)
658 3612 810 3655 exornare
829 3588 965 3654 deberet.
1007 3587 1167 3654 Videntur
1184 3612 1289 3675 gram-

138 3696 249 3761 matici
281 3695 367 3763 illius
401 3698 515 3762 aetatis
547 3697 695 3782 inprimis
728 3697 852 3761 curiose
883 3696 1056 3780 quaesiisse
1083 3695 1122 3760 de
1149 3696 1289 3761 exordiis

138 3803 316 3869 carminum
338 3824 399 3869 nec
421 3805 545 3869 minore
575 3825 648 3869 cum
672 3803 811 3868 stultitia
838 3803 969 3868 finxisse
1000 3825 1085 3868 noua
1113 3825 1209 3888 quam
1237 3803 1289 3867 da-

139 3932 265 3976 mnasse
284 3911 402 3976 tradita
420 3911 556 3977 exordia.
595 3909 706 3975 Veluti
723 3911 762 3975 de
776 3910 898 3976 Lucani
916 3909 1022 3976 libril
1040 3910 1186 3975 uersibus
1203 3909 1287 3975 1-7

139 4017 312 4083 admodum
330 4019 499 4105 nugatorie
518 4018 725 4103 disputabant
738 4021 782 4095 ut
800 4041 820 4082 a
838 4016 959 4084 Seneca
976 4017 1070 4083 factis
1089 4017 1289 4102 grammatici

139 4126 281 4190 eiusdem
305 4127 377 4191 aeui
401 4122 513 4211 (schol.
532 4124 607 4191 Luc.
623 4123 672 4189 11
698 4123 820 4190 Fronto
839 4146 868 4211 p.
887 4123 949 4189 157
959 4122 1013 4208 N).
1060 4122 1180 4211 Versus
1199 4122 1288 4207 ipsos

138 4233 366 4319 grammaticus
398 4231 453 4297 ille
485 4233 562 4298 satis
589 4232 779 4297 festinanter
805 4236 838 4297 et
865 4231 1072 4318 indiligenter
1098 4229 1289 4314 composuit,

138 4360 248 4404 eorum
273 4340 403 4424 similes,
427 4335 507 4424 quos
526 4338 782 4407 Pliniusaminor
800 4339 892 4424 epist.
912 4335 975 4402 VH
992 4337 1058 4422 4,6
1078 4337 1116 4401 de
1136 4333 1288 4401 Cicerone

137 4469 155 4510 e
178 4446 318 4533 uestigio
341 4446 493 4532 profudit.
539 4443 626 4510 Vsus
645 4450 695 4511 est
712 4438 767 4510 1116
786 4446 945 4511 adfectata
963 4442 1300 4542 obscuritntqquam
1314 4475 1332 4531 :1

1035 4547 1073 4601 d*
1097 4551 1105 4597 ἒ
1133 4544 1240 4623 ἰ’,ρξ’
