3082 5018
597 333 875 387 PROLEGOMENA.

357 491 406 546 lib.
642 491 698 546 loei
785 492 833 548 lib.
1092 493 1147 549 loci

321 599 430 666 XXIX
454 601 626 685 septenarii
649 601 690 673 31
737 599 878 666 XXVIII
902 603 1073 687 septenarii
1118 603 1138 667 9

451 708 566 772 senarii
646 708 690 772 40
901 709 1016 797 senarii
1095 709 1137 773 28

449 814 628 879 hexametri
648 813 690 877 10
899 815 1076 880 hexametri
1117 815 1137 878 6

647 956 686 1020 81
1082 921 1154 1022 ‘a'

160 1152 305 1238 Apparet
327 1154 446 1218 librum
469 1150 611 1218 XXVIII
633 1151 736 1216 multo
760 1152 916 1217 minorem
943 1153 1042 1218 fuisse
1066 1174 1162 1236 quam
1185 1152 1305 1218 XXIX:

162 1260 247 1344 quod
271 1261 298 1325 si
321 1261 375 1325 hia
398 1258 429 1322 V
451 1260 519 1324 fere
541 1260 604 1324 fuit
627 1263 815 1343 saturarum,
839 1260 893 1324 ille
911 1281 977 1324 non
994 1260 1068 1345 plus
1087 1259 1215 1325 uidetur
1233 1282 1305 1325 eon-

159 1367 294 1431 tinuisse
322 1389 418 1450 quam
445 1371 519 1430 tres.
570 1363 633 1430 Sed
660 1365 800 1450 primum
829 1365 988 1451 agendum
1016 1367 1076 1431 erit
1103 1365 1142 1430 de
1174 1368 1306 1432 metrica

161 1473 382 1556 conpositione
415 1473 491 1537 libri
522 1469 643 1556 XXIX,
675 1494 756 1555 quae
787 1472 849 1536 hae
880 1471 991 1536 tabula
1026 1472 1082 1536 fiet
1119 1474 1305 1557 conspicua:

325 1657 328 1661 ’
478 1683 671 1750 trannin

202 1790 218 1855 I
266 1791 446 1877 Septenarii
478 1815 523 1877 φ·
545 1796 681 1856 aetatem
705 1793 789 1857 istun
803 1842 810 1856 .
826 1843 854 1856 ..

500 1899 610 1984 1224ss
904 1885 1109 1947 asc-uentrem
1120 1882 1302 1947 alienum...

903 1989 1085 2076 ppt-surge
1107 1989 1223 2054 mulier
1296 2040 1302 2053 .

903 2119 941 2178 η·
964 2096 1048 2160 unde
1071 2095 1268 2162 domum...

194 2181 226 2247 Π
266 2182 391 2248 Senarii
479 2207 540 2248 aa·
563 2183 728 2248 detrusaus
744 2234 749 2246 .
765 2233 793 2246 ..
825 2180 877 2268 (de

462 2281 468 2287 ’
500 2289 697 2373 Hannibale)

477 2400 557 2481 -αβ-
588 2397 646 2461 hae
679 2419 696 2461 e
725 2395 875 2461 fenestris

499 2504 623 2587 (damas
645 2503 848 2587 expapnatio)

476 2633 532 2695 -χ·
556 2615 648 2675 ueste
673 2613 770 2694 atque
792 2610 876 2674 anei-

496 2717 557 2802 piti
573 2768 579 2780 .
595 2767 620 2780 ..
637 2717 761 2800 (domas
783 2737 876 2799 espa·

495 2824 618 2907 prestio)
636 2847 667 2908 p,
682 2823 748 2889 245

474 2930 872 3015 -pnemohosancipita..

496 3037 621 3120 (domas
643 3038 844 3121 sspspastto)

474 3159 511 3206 a·
536 3141 651 3227 Gnato,
670 3143 748 3226 quid
766 3148 873 3210 aetum

495 3248 566 3315 est?
585 3301 590 3312 .
611 3300 639 3313 ..
668 3249 792 3332 (domas
823 3271 873 3316 sx-

488 3357 658 3440 pupnatio)
681 3380 712 3440 p.
727 3355 770 3421 36

898 3461 949 3526 M·
965 3460 1029 3529 -N-
1043 3484 1118 3529 nam
1136 3468 1193 3528 ut.
1209 3514 1215 3528 .
1231 3515 1237 3528 .
1253 3464 1299 3529 sie

921 3566 1068 3634 Socrates
1084 3621 1091 3634 .
1107 3621 1137 3634 ..

178 3673 226 3739 HI
257 3675 444 3743 Hexametri
470 3677 528 3743 ὠ·
561 3700 633 3743 eum
661 3677 795 3743 manieis
897 3676 935 3738 -θ
963 3676 1088 3741 eieere.
1108 3698 1297 3743 ..amorem

492 3785 545 3867 (de
566 3786 602 3849 st
624 3784 757 3866 amma)
919 3782 973 3866 (de
994 3785 1030 3847 at
1053 3785 1185 3868 amoris)

395 3965 397 3967 ,
469 3889 869 3956 I·atnonsuntsimiles...
896 3912 973 3971 -γγ-
986 3890 1084 3973 quiet
1097 3893 1297 3974 poscentmi·

492 3997 544 4081 (de
566 3999 758 4062 meretricum
781 4018 870 4063 ama·
919 4018 979 4060 nus
995 4046 1002 4060 .
1017 4047 1023 4060 .
1039 4047 1046 4059 .
1061 3995 1114 4078 (de
1131 3999 1297 4062 meretrica-

490 4105 621 4189 torrtas)
920 4102 990 4186 bas)

180 4226 228 4291 IV
256 4227 435 4312 septenarii
469 4244 523 4293 -ο-
547 4230 581 4293 in
604 4230 792 4294 mailli...
817 4229 869 4313 (de
896 4225 940 4291 -0
964 4228 1062 4291 latere
1085 4225 1295 4309 pendens...

488 4336 604 4416 frande
631 4336 868 4419 dispensatores)

469 4439 867 4507 ·lI-adlen0nemuenio..
