3082 5018
600 329 879 381 PROLEGOMENA.
1227 324 1312 380 CXIII

165 491 298 576 antiqui,
321 491 482 556 rhetorem
501 491 659 575 quendam
680 492 735 574 qui
753 494 827 555 ante
842 489 1076 567 Quintilianum
1094 489 1213 554 uixerit
1227 510 1311 553 com-

165 599 283 685 pilasse
296 602 545 664 consentaneum
559 601 608 662 est
623 619 718 680 quem
733 595 917 662 Cornelium
933 595 1061 661 (laisum
1075 596 1183 678 fuisse,
1196 595 1312 660 Isidori

165 705 243 770 item
262 709 425 770 auctorem
445 705 478 769 in
496 703 664 770 rhetoricis
684 703 824 768 indicaui
844 702 926 768 Berl.
941 701 1022 768 Phil.
1038 701 1267 768 Wochenschr.
1282 701 1312 765 X

169 812 254 876 1890
286 834 316 896 p.
334 810 428 876 1008.
479 809 692 876 Vindobonae
729 831 801 875 cum
838 809 983 874 docerem
1015 809 1196 895 fragmenta
1228 806 1313 898 Celsi

166 918 346 1004 colligenda
382 918 530 1002 inprimis
568 940 607 982 ex
638 915 763 981 Isidoro
799 916 907 981 curaui
939 915 979 980 ab
1011 916 1156 980 auditore
1187 915 1312 980 Iustino

166 1025 344 1091 Woehrero
373 1047 436 1109 quo
465 1047 596 1090 munere
624 1023 679 1088 ille
706 1023 836 1088 tinctus
864 1028 912 1088 est
940 1026 1093 1107 quattuor
1119 1023 1211 1087 annis
1238 1026 1314 1106 post

167 1133 290 1198 dissert
326 1130 464 1197 Vindob.
483 1131 546 1197 uol.
566 1130 629 1196 VII
645 1131 730 1196 1903
749 1154 779 1216 p.
795 1131 934 1215 82seqq.
956 1127 1147 1217 (conflas),
1166 1129 1314 1215 magistri

167 1243 199 1305 et
219 1238 402 1306 sententiae
429 1239 570 1304 auctoris
599 1237 719 1303 oblitus
747 1238 837 1301 cuius
865 1259 905 1302 ne
932 1258 1051 1301 nomen
1073 1237 1202 1321 quidem
1225 1236 1314 1301 inne·

166 1346 230 1410 niri
253 1366 367 1430 passus
391 1347 497 1410 estin
520 1344 576 1409 illa
599 1344 829 1410 dissertatione.

256 1452 457 1537 Quicumque
476 1451 640 1537 scriptoris
660 1451 795 1518 alicuius
814 1452 870 1536 qui
888 1451 985 1536 periit
1001 1451 1182 1538 fragmenta
1200 1453 1314 1516 tracta·

168 1558 230 1644 bit,
257 1581 331 1624 eum
358 1581 417 1645 par
444 1563 493 1624 est
521 1559 608 1624 adire
635 1562 781 1625 auctores
804 1559 893 1644 ipsos
917 1558 1034 1642 quibus
1057 1559 1113 1623 illa
1135 1558 1316 1643 fragmenta

168 1665 343 1731 debeantur
364 1687 469 1751 neque
492 1669 661 1731 contentus
683 1688 751 1731 esse
769 1665 891 1750 poterit
909 1666 954 1730 eis
974 1687 1055 1749 quae
1074 1665 1112 1728 de
1131 1664 1315 1729 auctoribus

168 1774 202 1838 in
234 1773 423 1838 collectione
455 1772 563 1857 aliqua
594 1773 848 1859 fragmentorum
880 1771 1032 1837 adnotata
1066 1774 1148 1837 sunt.
1204 1770 1316 1856 Itaque

168 1902 263 1945 nemo
291 1880 497 1964 supersedere
524 1881 645 1965 poterit
672 1879 820 1964 inprimis
843 1878 944 1944 Nonii
971 1879 1073 1964 ipsius
1100 1878 1237 1943 lectione
1261 1879 1316 1962 qui

168 1985 285 2052 Lucilii
312 1987 420 2052 uersui
448 1987 522 2052 dare
551 2008 681 2072 operam
708 1985 796 2051 uolet
824 1987 851 2052 si
874 1987 1011 2051 traditus
1035 1990 1084 2051 est
1106 1986 1208 2051 ueluti
1231 1984 1317 2069 apud

168 2091 320 2158 Nonium.
377 2093 481 2170 Quare
512 2094 630 2159 Lucilii
668 2094 772 2158 editor
811 2095 845 2159 in
876 2093 1081 2159 adnotatione
1113 2093 1153 2156 ad
1189 2092 1317 2178 singula

162 2190 349 2287 ¹fragmenta
389 2203 491 2266 multa
531 2202 652 2286 poterit
689 2201 837 2266 omittere
874 2223 955 2285 quae
991 2199 1093 2264 lector
1130 2204 1161 2264 et
1196 2199 1318 2283 poterit

57 2301 60 2305 ’
170 2311 202 2372 et
229 2307 359 2373 debebit
386 2330 535 2392 quaerere
563 2309 597 2372 in
624 2307 764 2373 editione
792 2312 967 2373 auctorum.
1014 2305 1124 2397 Veluti
1151 2306 1190 2370 de
1216 2304 1317 2370 Nonii

170 2414 335 2480 codicibus
358 2414 570 2481 deterioribus
593 2415 746 2481 lectorem
764 2416 872 2500 relego
892 2415 932 2478 ad
949 2412 1051 2478 Nonii
1069 2412 1237 2477 editiones:
1261 2412 1318 2496 qui

172 2521 295 2586 codices
326 2521 381 2586 hic
412 2521 480 2587 illic
511 2522 624 2588 dubito
657 2544 698 2586 an
725 2520 897 2607 paruulum
925 2519 1055 2604 aliquod
1084 2519 1249 2584 conferant
1277 2518 1317 2583 ad

171 2627 412 2693 emendandum.
448 2627 524 2693 Dux
542 2631 651 2693 tamen
669 2629 815 2694 codicum
835 2633 867 2692 et
885 2628 1034 2713 princeps
1054 2627 1144 2692 cuins
1163 2625 1318 2692 lectiones

1328 1449 1359 1489 Da
1373 1448 1439 1489 Nonii
1450 1449 1527 1489 codici-

1328 1505 1366 1543 bus
1375 1502 1528 1542 ereaturarum

170 2757 264 2831 nosse
288 2739 434 2800 accurate
457 2757 651 2821 magnopere
674 2757 691 2799 e
715 2758 749 2800 ra
772 2739 821 2800 est
844 2735 944 2800 codex
967 2738 1016 2799 est
1037 2733 1202 2799 Leidensis
1224 2732 1317 2797 Voss.
1326 2748 1531 2789 caeterorum

125 2887 131 2896 -
170 2842 239 2923 Lat.
259 2841 327 2907 Fol.
348 2842 389 2907 73
410 2863 488 2919 saec.
508 2840 554 2905 IX
587 2863 682 2924 quem
709 2841 863 2906 Llittera
893 2842 1006 2906 notaui
1038 2841 1128 2904 euius
1161 2842 1319 2926 scriptura

171 2950 260 3034 prior
295 2950 380 3014 facta
416 2952 490 3013 ante
527 2952 743 3014 correcturum
776 2951 940 3032 tamquam
973 2948 1216 3013 fundamentum
1249 2971 1318 3014 esse

172 3055 268 3121 debet
286 3055 519 3121 emendationis
538 3053 626 3142 (uide
646 3055 686 3119 ad
703 3055 758 3120 lib.
778 3053 825 3119 VI
844 3078 874 3120 u.
893 3053 958 3119 257
981 3053 1059 3119 XIX
1076 3078 1106 3119 u.
1126 3054 1191 3119 562
1210 3054 1319 3120 XXVI

172 3187 202 3228 u.
221 3162 288 3228 680
310 3160 417 3227 XXIX
436 3186 466 3229 u.
486 3159 574 3249 920).
609 3161 672 3226 Ex
698 3163 831 3245 reliquis
860 3161 1028 3254 codicibus
1048 3164 1152 3227 solum
1176 3162 1318 3227 codicem

173 3268 458 3354 Guelferbytanum
492 3267 673 3334 Gudianum
700 3268 743 3332 96
772 3290 851 3334 saec.
870 3268 901 3332 X
928 3270 1012 3355 elegi
1044 3269 1134 3333 cuius
1166 3268 1319 3334 lectiones

172 3398 374 3462 apponerem.

260 3484 372 3568 Longe
393 3482 570 3568 plurimum
584 3483 708 3569 profuit
725 3482 845 3549 Lucilii
863 3482 1080 3548 emendationi
1097 3480 1198 3548 Nonii
1217 3482 1320 3548 editor

172 3590 307 3656 illustris
325 3589 427 3655 losias
445 3589 605 3656 Mercerus
629 3588 823 3655 editionibus
847 3590 922 3655 anni
947 3589 1033 3655 1583
1057 3593 1089 3654 et
1112 3612 1149 3655 ea
1172 3611 1235 3675 qua
1260 3611 1319 3654 nos

172 3697 295 3762 utimur
308 3697 384 3761 anni
405 3697 491 3761 1614
505 3695 668 3762 Parisinis.
692 3696 795 3773 Quem
814 3697 916 3762 secuti
935 3701 1010 3762 sunt
1028 3696 1061 3762 F.
1077 3696 1116 3762 D.
1132 3695 1320 3762 Gerlachius

174 3802 401 3869 ennodius
416 3804 489 3869 edit.
504 3802 601 3868 Basil.
614 3803 712 3868 1842:
731 3785 898 3888 utriusque
913 3803 1062 3869 editionis
1076 3802 1320 3868 fundamentum

97 3899 98 3902 ¹
173 3913 241 3995 erat
264 3909 365 3974 codex
388 3907 656 3995 Guelferbytanus
680 3909 744 3992 alii,
767 3909 981 3975 adhibuerunt
1003 3914 1167 3996 praeterea
1193 3910 1320 3974 duouiri

173 4017 293 4103 passim
321 4016 517 4083 Leidensem.
564 4015 697 4083 Codices
723 4015 825 4082 Nonii
853 4039 933 4100 quos
962 4021 1075 4102 postea
1106 4016 1322 4080 adhibuerunt

173 4128 300 4210 praeter
311 4121 338 4187 G
349 4124 416 4188 etL
426 4123 610 4189 Ludouicus
625 4123 849 4200 Quicheratius
865 4123 938 4188 edit.
953 4123 1051 4189 Paris.
1064 4123 1150 4188 1872
1159 4121 1320 4187 Lucienus

173 4231 347 4296 Muellerus
375 4231 449 4296 edit.
472 4231 558 4316 Lips.
581 4230 665 4296 1888
689 4229 712 4294 Ι.
727 4229 767 4294 Η.
784 4229 957 4296 Onionsius
986 4228 1104 4295 Oxonii
1133 4227 1232 4312 1895,
1265 4230 1321 4313 qui

173 4337 273 4403 libros
292 4336 401 4402 I-III
424 4338 536 4422 edidit,
566 4360 620 4403 eos
642 4336 696 4402 hic
723 4336 791 4402 illic
817 4337 991 4403 frustulum
1015 4336 1174 4420 quoddam
1202 4336 1321 4401 rectius

175 4466 317 4510 seruasse
340 4445 443 4510 uideri
466 4467 533 4509 non
555 4446 637 4509 tanti
660 4449 737 4528 erat,
759 4449 796 4509 ut
819 4467 929 4509 eorum
953 4444 1128 4526 scripturas
1146 4444 1321 4528 reciperem

227 4559 312 4601 Lucilii
325 4561 375 4600 reu.
389 4561 424 4604 ed.
437 4559 519 4600 Marx.
1089 4547 1108 4603 ll

1334 3248 1402 3289 coda
1411 3248 1532 3298 Guelferby-

1388 3305 1451 3341 maus
1465 3303 1482 3340 (ι’
