3052 5024
581 300 859 353 PROLEGOMENA.
1235 299 1300 354 XIII

153 461 208 526 alii
232 461 336 526 denuo
361 461 571 527 defenderunt
589 461 691 528 ueluti
711 461 746 528 Ο.
762 462 959 529 Ribbeckius
977 464 1050 529 hist.
1071 483 1157 548 poes.
1176 462 1299 529 Roml

153 569 226 634 edit.
251 567 502 653 1119111111
527 567 562 633 Ο.
577 567 726 634 Κ1111111
755 570 835 635 Ἱ11.
864 568 1206 655 Volksetymologicen
1232 571 1300 636 und

152 674 374 741 Vsrwandtes'
393 674 527 762 Leipzig
547 675 630 740 1891
656 700 687 761 p.
706 676 864 761 295seqq.
902 675 1005 754 Quam
1027 678 1217 742 sententiam
1239 699 1299 744 nec
1404 752 1406 756 Α

152 783 348 866 exemplaria
376 781 495 847 (111111
523 783 747 849 commendant
774 805 833 848 nec
862 784 945 849 ratio
977 806 1037 850 111
1068 788 1213 849 ueterum
1245 807 1299 849 au-

153 889 294 973 ctoritas,
317 890 372 954 sed
395 886 575 974 Byzantina
596 894 699 955 aetate
723 913 792 955 eam
817 894 960 956 coortam
983 914 1053 956 esse
1078 914 1174 976 supra
1196 896 1299 958 osten-

152 996 266 1061 dimus.
304 994 416 1082 Longe
439 995 637 1081 probabilior
660 998 760 1062 alters
782 996 839 1062 illa
859 1001 1005 1062 ueterum
1025 998 1171 1063 doctrina
1189 1019 1299 1064 secun·

152 1103 229 1167 dum
257 1124 353 1187 quam
382 1107 490 1168 satura
517 1125 636 1168 nomen
663 1104 832 1169 deducitur
861 1128 880 1169 1
908 1108 1004 1170 cantu
1034 1110 1215 1170 saturorum
1245 1108 1299 1171 uel

152 1211 313 1275 ebriorum
345 1210 513 1275 hominum
551 1233 647 1295 qnam
686 1212 877 1276 sententiam
913 1211 1024 1277 multis
1062 1212 1299 1277 commendauit

152 1316 313 1383 Theodori
331 1316 526 1382 Mommseni
547 1317 721 1383 auctoritas
740 1318 851 1383 histor.
870 1318 962 1383 Rom.
982 1316 1101 1406 I(edit.
1117 1317 1177 1406 VI)
1196 1343 1226 1404 p.
1247 1320 1297 1384 28.

153 1423 269 1490 Cantat
291 1425 437 1508 profecto
463 1423 600 1509 Cyclops
624 1429 713 1490 satur
736 1425 807 1490 cibo
832 1428 864 1490 et
888 1426 964 1490 uino
992 1426 1077 1509 apud
1101 1426 1299 1511 Euripidem,

151 1530 284 1596 eandem
322 1531 502 1596 doctrinam
539 1531 577 1596 de
615 1531 738 1618 origine
780 1555 913 1617 poeseos
956 1535 1092 1618 agrestis
1130 1534 1299 1617 proferunt

151 1637 320 1703 Lucretius
341 1634 386 1724 (V
406 1636 506 1724 1390)
532 1642 563 1704 et
582 1638 729 1703 Tibullus
747 1643 861 1724 poetae
885 1638 930 1722 (ll
950 1641 978 1724 1,
992 1639 1051 1704 51:
1074 1641 1191 1705 testim.
1211 1639 1298 1706 VHI.

151 1742 212 1830 IX)
236 1767 255 1809 a
278 1744 446 1809 saturitate
470 1743 548 1808 olim
571 1743 680 1808 Musas
704 1766 772 1809 esse
795 1745 955 1828 profectas
980 1750 1136 1811 canentes.
1178 1746 1299 1811 Tamen

151 1853 230 1916 haec
253 1852 399 1916 doctrina
416 1853 507 1916 nullo
526 1854 620 1935 pacto
638 1852 758 1934 poterit
777 1852 954 1937 consociari
974 1873 1047 1916 cum
1065 1851 1164 1916 Ennii
1182 1853 1299 1917 saturis

153 1958 271 2043 quibus
289 1959 380 2023 nulla
402 1958 505 2022 inerat
528 1978 631 2041 neque
659 1958 843 2024 maledictio
870 1959 1028 2043 probrosa
1056 1957 1190 2046 (testim.
1205 1956 1298 2045 XIV)

151 2088 255 2150 neque
278 2065 450 2132 insolentia
474 2068 661 2130 contumax:
683 2065 767 2129 hanc
789 2065 913 2148 primus
931 2065 1075 2130 Lucilius
1094 2065 1205 2130 intulit
1222 2065 1299 2130 huic

152 2174 284 2240 carmini
308 2170 439 2258 (testim.
459 2168 593 2258 XVIH).
629 2171 798 2237 Praeterea
820 2194 979 2256 nusquam
1001 2172 1140 2238 traditur
1160 2172 1199 2236 ab
1219 2173 1298 2237 anti-

151 2281 223 2364 quis
253 2284 376 2345 ueteres
403 2278 537 2344 Latinos
569 2301 681 2344 uersus
713 2279 915 2344 fescenninos
948 2281 1125 2365 appellasse
1158 2282 1299 2344 saturam

150 2387 203 2452 uel
231 2390 354 2452 11111111
385 2386 567 2451 nominatas
599 2386 698 2451 fuisse
729 2387 906 2470 priscorum
934 2387 1126 2452 Latinorum
1158 2387 1299 2451 carmina

151 2493 326 2579 impudica:
349 2493 435 2558 Liuii
460 2491 537 2580 (VII
555 2491 634 2580 11)
659 2494 879 2558 testimonium
904 2491 1035 2581 (testim.
1054 2490 1098 2578 X)
1117 2494 1181 2557 iam
1201 2515 1299 2577 supra

151 2623 180 2684 p.
200 2600 230 2664 X
252 2601 429 2666 reiecimus.
481 2599 595 2684 ltaque
624 2601 680 2684 qui
708 2605 815 2666 satura
846 2601 922 2686 quid
951 2601 994 2665 sit
1020 2600 1171 2686 indagare
1200 2599 1298 2682 uolet,

150 2708 233 2773 nihil
256 2707 423 2790 antiquius
443 2706 572 2771 debebit
590 2706 708 2772 habere
727 2729 824 2790 quam
842 2711 879 2772 ut
896 2706 1039 2772 Ennium
1059 2708 1213 2791 consulat,
1233 2728 1298 2771 car·

152 2814 247 2878 minis
270 2815 450 2899 principem
473 2818 636 2880 auctorem
661 2811 792 2901 (testim.
812 2812 929 2900 XVH).
975 2813 1039 2880 Hic
1062 2814 1191 2898 scripsit
1215 2788 1484 2878 1111111111

150 2943 257 2985 rarum
280 2920 381 2986 libros
400 2919 449 2985 IV
472 2943 535 3005 quo
559 2922 594 2985 in
617 2943 733 3007 genere
755 2943 889 3005 poeseos
913 2926 1040 2987 secutus
1068 2944 1140 2986 eum
1170 2926 1218 2985 est
1240 2920 1299 2984 Ρ1-

152 3028 264 3092 cuuius
297 3028 364 3091 eius
397 3032 566 3113 cognatus:
603 3030 692 3093 uaria
729 3050 845 3114 genera
881 3033 1066 3113 poematum
1104 3028 1299 3093 continuisse

150 3133 251 3198 libros
278 3133 377 3198 Ennii
405 3138 437 3199 et
467 3135 670 3220 grammatici
697 3138 857 3200 testantur
889 3133 1020 3221 (testim.
1039 3133 1126 3199 XIV.
1145 3132 1238 3220 XVI)
1267 3138 1299 3198 et

152 3240 343 3305 confirmant
365 3242 520 3326 reliquiae
543 3263 647 3326 neque
670 3241 891 3325 improborum
914 3241 1083 3305 hominum
1102 3244 1158 3305 aut
1176 3241 1299 3324 inepto-

149 3369 222 3411 rum
249 3347 460 3413 insectatione
486 3347 591 3413 libelli
618 3347 759 3412 Enniani
787 3348 883 3414 sicuti
910 3343 1029 3413 Lucilii
1056 3351 1147 3412 erant
1173 3347 1298 3411 famosi.

151 3452 321 3531 Quomodo
344 3455 543 3539 inscripserit
566 3455 635 3540 ipse
659 3454 784 3520 Ennius
807 3461 990 3521 saturarum
1013 3455 1069 3539 qui
1096 3477 1115 3518 a
1143 3475 1300 3540 gramma-

150 3561 223 3627 ticis
242 3561 396 3627 dicuntur
414 3561 524 3646 libros,
543 3563 605 3626 hoc
623 3561 777 3627 traditum
795 3565 937 3647 nonest,
957 3561 1051 3627 sicuti
1070 3583 1111 3625 ne
1130 3561 1168 3624 de
1182 3558 1299 3625 Lucilii

151 3668 280 3752 quidem
305 3690 438 3752 operum
462 3669 673 3753 inscriptione
702 3673 827 3734 constat
850 3669 913 3734 nisi
937 3667 1222 3754 grammaticorum
1245 3690 1299 3732 au-

151 3775 302 3841 ctoritate
324 3776 428 3840 multo
446 3777 634 3860 posterioris
653 3777 767 3841 aetatis
787 3777 843 3861 qui
857 3775 953 3841 modo
972 3775 1094 3840 addunt
1112 3775 1298 3860 genetiuum

149 3887 332 3948 suturarum
355 3882 450 3946 modo
475 3883 643 3966 omittunt,
671 3905 775 3966 neque
798 3883 901 3969 magis
929 3886 1055 3948 constat
1083 3881 1121 3946 de
1144 3881 1299 3947 Varronis

149 3988 241 4053 libris
270 3984 401 4074 (testim.
425 3986 526 4076 XXI).
576 3988 622 4054 At
649 3988 793 4054 Lucilius
820 3989 949 4054 uidetur
980 3993 1037 4054 aut
1062 3994 1210 4077 poemate
1243 4011 1300 4053 sua

151 4096 292 4160 carmina
319 4097 497 4180 appellasse
525 4100 581 4160 aut
607 4116 760 4162 1111111111
788 4094 876 4184 (uide
904 4097 944 4161 ad
966 4095 1022 4161 lib.
1041 4095 1134 4161 XXX
1152 4118 1182 4158 u.
1204 4095 1298 4160 1013.

153 4201 238 4268 1039
262 4203 423 4268 testimon.
443 4200 519 4288 XX)
544 4225 607 4287 quo
630 4203 762 4268 nomine
786 4201 941 4268 Horatius
965 4203 1045 4267 duos
1067 4203 1168 4268 libros
1194 4202 1300 4268 uoluit

150 4308 283 4373 inscribi
306 4331 386 4393 quos
410 4314 592 4374 saturarum
614 4309 716 4374 libros
739 4310 836 4375 huius
860 4309 930 4374 aeui
960 4309 1161 4395 grammatici
1189 4311 1299 4395 appel-

151 4414 229 4501 lant,
253 4437 321 4480 non
343 4420 466 4482 ueteres
490 4417 701 4503 grammatici.
747 4416 878 4482 Rectius
903 4417 989 4484 dicas
1012 4415 1184 4481 Horatium
1209 4419 1299 4502 quat·
