<?xml version="1.0" encoding="UTF-8"?>
<!DOCTYPE html PUBLIC "-//W3C//DTD XHTML 1.0 Transitional//EN"
    "http://www.w3.org/TR/xhtml1/DTD/xhtml1-transitional.dtd">
<html xmlns="http://www.w3.org/1999/xhtml" xml:lang="en" lang="en">
 <head>
  <title>
</title>
<meta http-equiv="Content-Type" content="text/html;charset=utf-8" />
  <meta name='ocr-system' content='tesseract 3.04.00' />
  <meta name='ocr-capabilities' content='ocr_page ocr_carea ocr_par ocr_line ocrx_word'/>
</head>
<body>
  <div class='ocr_page' id='page_1' title='image "./cluciliicarminu01lucigoog_0014.png"; bbox 0 0 3052 5024; ppageno 0'>
   <div class='ocr_carea' id='block_1_1' title="bbox 452 1060 932 1307">
    <p class='ocr_par' dir='ltr' id='par_1_1' title="bbox 452 1060 932 1307">
     <span class='ocr_line' id='line_1_1' title="bbox 452 1060 932 1148; baseline -0.008 -1"><span class='ocrx_word' id='word_1_1' title='bbox 452 1060 932 1148; x_wconf 76' lang='lat' dir='ltr'><strong>PROLEGOMENA.</strong></span> 
     </span>
     <span class='ocr_line' id='line_1_2' title="bbox 468 1237 835 1307; baseline -0.005 -2"><span class='ocrx_word' id='word_1_2' title='bbox 468 1258 470 1261; x_wconf 88' lang='grc'><em>·</em></span> <span class='ocrx_word' id='word_1_3' title='bbox 513 1302 515 1307; x_wconf 19' lang='lat'><strong>⁴</strong></span> <span class='ocrx_word' id='word_1_4' title='bbox 568 1239 628 1305; x_wconf 87' lang='lat' dir='ltr'>nn</span> <span class='ocrx_word' id='word_1_5' title='bbox 653 1237 835 1305; x_wconf 80' lang='lat' dir='ltr'>snuunn.</span> 
     </span>
    </p>
   </div>
   <div class='ocr_carea' id='block_1_2' title="bbox 119 1381 1449 4043">
    <p class='ocr_par' dir='ltr' id='par_1_2' title="bbox 119 1381 1449 4043">
     <span class='ocr_line' id='line_1_3' title="bbox 218 1381 1449 1468; baseline -0.001 -19"><span class='ocrx_word' id='word_1_6' title='bbox 218 1383 421 1449; x_wconf 73' lang='lat' dir='ltr'>Vocabulum</span> <span class='ocrx_word' id='word_1_7' title='bbox 443 1388 553 1449; x_wconf 80' lang='lat' dir='ltr'>saturo</span> <span class='ocrx_word' id='word_1_8' title='bbox 576 1383 661 1468; x_wconf 85' lang='lat' dir='ltr'>apud</span> <span class='ocrx_word' id='word_1_9' title='bbox 679 1381 853 1448; x_wconf 87' lang='lat' dir='ltr'>Horatium</span> <span class='ocrx_word' id='word_1_10' title='bbox 875 1381 1015 1466; x_wconf 91' lang='lat' dir='ltr'>primum</span> <span class='ocrx_word' id='word_1_11' title='bbox 1038 1381 1135 1446; x_wconf 90' lang='lat' dir='ltr'>hodie</span> <span class='ocrx_word' id='word_1_12' title='bbox 1154 1381 1274 1468; x_wconf 82' lang='lat' dir='ltr'>legitur</span> <span class='ocrx_word' id='word_1_13' title='bbox 1290 1396 1449 1447; x_wconf 62' lang='lat' dir='ltr'>ornarant·a</span> 
     </span>
     <span class='ocr_line' id='line_1_4' title="bbox 129 1479 1275 1576; baseline -0.002 -20"><span class='ocrx_word' id='word_1_14' title='bbox 129 1513 222 1556; x_wconf 89' lang='lat' dir='ltr'>serm.</span> <span class='ocrx_word' id='word_1_15' title='bbox 241 1488 273 1554; x_wconf 92' lang='grc' dir='ltr'>Π</span> <span class='ocrx_word' id='word_1_16' title='bbox 294 1491 365 1575; x_wconf 87' lang='lat'>1,1.</span> <span class='ocrx_word' id='word_1_17' title='bbox 389 1490 475 1576; x_wconf 78' lang='grc'>6,17</span> <span class='ocrx_word' id='word_1_18' title='bbox 507 1490 564 1554; x_wconf 91' lang='lat' dir='ltr'>ubi</span> <span class='ocrx_word' id='word_1_19' title='bbox 592 1489 674 1555; x_wconf 89' lang='lat' dir='ltr'>codd</span> <span class='ocrx_word' id='word_1_20' title='bbox 700 1494 808 1573; x_wconf 76' lang='lat' dir='ltr'>suipra</span> <span class='ocrx_word' id='word_1_21' title='bbox 834 1479 973 1553; x_wconf 85' lang='lat' dir='ltr'>formam</span> <span class='ocrx_word' id='word_1_22' title='bbox 1003 1488 1156 1553; x_wconf 75' lang='lat' dir='ltr'>exhibent</span> <span class='ocrx_word' id='word_1_23' title='bbox 1179 1510 1275 1572; x_wconf 86' lang='lat' dir='ltr'>quam</span> 
     </span>
     <span class='ocr_line' id='line_1_5' title="bbox 129 1595 1275 1682; baseline -0.004 -18"><span class='ocrx_word' id='word_1_24' title='bbox 129 1598 256 1664; x_wconf 89' lang='lat' dir='ltr'>saeculo</span> <span class='ocrx_word' id='word_1_25' title='bbox 275 1621 306 1681; x_wconf 94' lang='lat' dir='ltr'>p.</span> <span class='ocrx_word' id='word_1_26' title='bbox 326 1595 398 1662; x_wconf 79' lang='lat' dir='ltr'>Chr.</span> <span class='ocrx_word' id='word_1_27' title='bbox 414 1595 461 1660; x_wconf 86' lang='lat' dir='ltr'>Vl</span> <span class='ocrx_word' id='word_1_28' title='bbox 475 1596 604 1662; x_wconf 87' lang='lat' dir='ltr'>Vettius</span> <span class='ocrx_word' id='word_1_29' title='bbox 622 1595 801 1661; x_wconf 85' lang='lat' dir='ltr'>Mauortius</span> <span class='ocrx_word' id='word_1_30' title='bbox 819 1599 856 1660; x_wconf 91' lang='lat' dir='ltr'>ut</span> <span class='ocrx_word' id='word_1_31' title='bbox 875 1597 1102 1682; x_wconf 70' lang='lat' dir='ltr'>elegantiorem</span> <span class='ocrx_word' id='word_1_32' title='bbox 1122 1599 1154 1661; x_wconf 91' lang='lat' dir='ltr'>et</span> <span class='ocrx_word' id='word_1_33' title='bbox 1172 1595 1275 1682; x_wconf 81' lang='lat' dir='ltr'>magis</span> 
     </span>
     <span class='ocr_line' id='line_1_6' title="bbox 128 1701 1274 1789; baseline -0.007 -19"><span class='ocrx_word' id='word_1_34' title='bbox 128 1706 256 1771; x_wconf 88' lang='lat' dir='ltr'>doctam</span> <span class='ocrx_word' id='word_1_35' title='bbox 283 1705 471 1789; x_wconf 89' lang='lat' dir='ltr'>praetulerit</span> <span class='ocrx_word' id='word_1_36' title='bbox 498 1704 620 1769; x_wconf 85' lang='lat' dir='ltr'>formae</span> <span class='ocrx_word' id='word_1_37' title='bbox 646 1708 765 1769; x_wconf 80' lang='lat' dir='ltr'>sutura.</span> <span class='ocrx_word' id='word_1_38' title='bbox 816 1701 879 1769; x_wconf 81' lang='lat' dir='ltr'>Sed</span> <span class='ocrx_word' id='word_1_39' title='bbox 906 1702 1086 1788; x_wconf 83' lang='lat' dir='ltr'>Porphyris</span> <span class='ocrx_word' id='word_1_40' title='bbox 1114 1703 1155 1767; x_wconf 89' lang='lat' dir='ltr'>ad</span> <span class='ocrx_word' id='word_1_41' title='bbox 1183 1725 1274 1768; x_wconf 88' lang='lat' dir='ltr'>serm.</span> 
     </span>
     <span class='ocr_line' id='line_1_7' title="bbox 126 1808 1275 1899; baseline -0.002 -22"><span class='ocrx_word' id='word_1_42' title='bbox 126 1810 143 1876; x_wconf 96' lang='lat' dir='ltr'>I</span> <span class='ocrx_word' id='word_1_43' title='bbox 159 1813 189 1899; x_wconf 83' lang='lat'>1,</span> <span class='ocrx_word' id='word_1_44' title='bbox 204 1812 222 1877; x_wconf 91' lang='lat' dir='ltr'>l</span> <span class='ocrx_word' id='word_1_45' title='bbox 243 1815 381 1877; x_wconf 88' lang='lat' dir='ltr'>testatur</span> <span class='ocrx_word' id='word_1_46' title='bbox 399 1832 467 1876; x_wconf 88' lang='lat' dir='ltr'>sese</span> <span class='ocrx_word' id='word_1_47' title='bbox 485 1808 638 1897; x_wconf 82' lang='lat' dir='ltr'>legerell</span> <span class='ocrx_word' id='word_1_48' title='bbox 655 1811 716 1894; x_wconf 90' lang='lat'>1,1</span> <span class='ocrx_word' id='word_1_49' title='bbox 739 1811 826 1876; x_wconf 86' lang='lat' dir='ltr'>‘sunt</span> <span class='ocrx_word' id='word_1_50' title='bbox 845 1811 961 1895; x_wconf 90' lang='lat' dir='ltr'>quibus</span> <span class='ocrx_word' id='word_1_51' title='bbox 980 1811 1014 1874; x_wconf 93' lang='lat' dir='ltr'>in</span> <span class='ocrx_word' id='word_1_52' title='bbox 1031 1812 1150 1876; x_wconf 89' lang='lat' dir='ltr'>satura&#39;</span> <span class='ocrx_word' id='word_1_53' title='bbox 1166 1833 1275 1895; x_wconf 88' lang='lat' dir='ltr'>quam-</span> 
     </span>
     <span class='ocr_line' id='line_1_8' title="bbox 128 1917 1274 2003; baseline -0.003 -19"><span class='ocrx_word' id='word_1_54' title='bbox 128 1941 225 2003; x_wconf 87' lang='lat' dir='ltr'>quam</span> <span class='ocrx_word' id='word_1_55' title='bbox 257 1919 342 1983; x_wconf 91' lang='lat' dir='ltr'>idem</span> <span class='ocrx_word' id='word_1_56' title='bbox 374 1918 470 1983; x_wconf 91' lang='lat' dir='ltr'>modo</span> <span class='ocrx_word' id='word_1_57' title='bbox 502 1923 612 1983; x_wconf 71' lang='lat' dir='ltr'>sutoro</span> <span class='ocrx_word' id='word_1_58' title='bbox 643 1917 740 1982; x_wconf 92' lang='lat' dir='ltr'>modo</span> <span class='ocrx_word' id='word_1_59' title='bbox 772 1924 880 2002; x_wconf 77' lang='lat' dir='ltr'>satyro</span> <span class='ocrx_word' id='word_1_60' title='bbox 914 1917 1018 1983; x_wconf 85' lang='lat' dir='ltr'>forma</span> <span class='ocrx_word' id='word_1_61' title='bbox 1054 1918 1182 1983; x_wconf 90' lang='lat' dir='ltr'>uidetur</span> <span class='ocrx_word' id='word_1_62' title='bbox 1217 1917 1274 1982; x_wconf 92' lang='lat' dir='ltr'>uti.</span> 
     </span>
     <span class='ocr_line' id='line_1_9' title="bbox 126 2023 1275 2110; baseline -0.003 -19"><span class='ocrx_word' id='word_1_63' title='bbox 126 2025 238 2091; x_wconf 80' lang='lat' dir='ltr'>Etiam</span> <span class='ocrx_word' id='word_1_64' title='bbox 260 2025 445 2091; x_wconf 81' lang='lat' dir='ltr'>Priscianus</span> <span class='ocrx_word' id='word_1_65' title='bbox 464 2023 520 2090; x_wconf 76' lang='lat' dir='ltr'>GL</span> <span class='ocrx_word' id='word_1_66' title='bbox 538 2023 572 2089; x_wconf 91' lang='lat' dir='ltr'>H</span> <span class='ocrx_word' id='word_1_67' title='bbox 593 2048 624 2110; x_wconf 87' lang='lat' dir='ltr'>p.</span> <span class='ocrx_word' id='word_1_68' title='bbox 640 2024 714 2109; x_wconf 82' lang='lat'><strong><em>203,</em></strong></span> <span class='ocrx_word' id='word_1_69' title='bbox 730 2023 808 2090; x_wconf 74' lang='lat'>191(</span> <span class='ocrx_word' id='word_1_70' title='bbox 836 2029 922 2091; x_wconf 89' lang='lat' dir='ltr'>recte</span> <span class='ocrx_word' id='word_1_71' title='bbox 950 2025 1047 2092; x_wconf 78' lang='lat' dir='ltr'>scribi</span> <span class='ocrx_word' id='word_1_72' title='bbox 1073 2024 1180 2090; x_wconf 91' lang='lat' dir='ltr'>uoluit</span> <span class='ocrx_word' id='word_1_73' title='bbox 1202 2023 1275 2088; x_wconf 76' lang='lat' dir='ltr'>‘Lu-</span> 
     </span>
     <span class='ocr_line' id='line_1_10' title="bbox 127 2129 1275 2216; baseline -0.003 -17"><span class='ocrx_word' id='word_1_74' title='bbox 127 2134 220 2199; x_wconf 90' lang='lat' dir='ltr'>cilius</span> <span class='ocrx_word' id='word_1_75' title='bbox 239 2133 273 2196; x_wconf 90' lang='lat' dir='ltr'>in</span> <span class='ocrx_word' id='word_1_76' title='bbox 294 2136 474 2197; x_wconf 89' lang='lat' dir='ltr'>saturarum</span> <span class='ocrx_word' id='word_1_77' title='bbox 493 2129 560 2196; x_wconf 67' lang='lat' dir='ltr'>Vl!</span> <span class='ocrx_word' id='word_1_78' title='bbox 593 2129 707 2216; x_wconf 85' lang='lat' dir='ltr'>Neque</span> <span class='ocrx_word' id='word_1_79' title='bbox 726 2130 859 2196; x_wconf 90' lang='lat' dir='ltr'>dubium</span> <span class='ocrx_word' id='word_1_80' title='bbox 879 2136 928 2197; x_wconf 88' lang='lat' dir='ltr'>est</span> <span class='ocrx_word' id='word_1_81' title='bbox 946 2132 1025 2216; x_wconf 88' lang='lat' dir='ltr'>quin</span> <span class='ocrx_word' id='word_1_82' title='bbox 1042 2137 1153 2199; x_wconf 78' lang='lat' dir='ltr'>sutura</span> <span class='ocrx_word' id='word_1_83' title='bbox 1170 2131 1275 2197; x_wconf 85' lang='lat' dir='ltr'>forma</span> 
     </span>
     <span class='ocr_line' id='line_1_11' title="bbox 128 2238 1275 2326; baseline -0.001 -21"><span class='ocrx_word' id='word_1_84' title='bbox 128 2241 171 2305; x_wconf 91' lang='lat' dir='ltr'>sit</span> <span class='ocrx_word' id='word_1_85' title='bbox 194 2239 309 2306; x_wconf 87' lang='lat' dir='ltr'>Latina</span> <span class='ocrx_word' id='word_1_86' title='bbox 332 2239 414 2323; x_wconf 87' lang='lat' dir='ltr'>sola,</span> <span class='ocrx_word' id='word_1_87' title='bbox 441 2244 549 2322; x_wconf 73' lang='lat' dir='ltr'>suipra</span> <span class='ocrx_word' id='word_1_88' title='bbox 576 2238 610 2303; x_wconf 89' lang='lat' dir='ltr'>in</span> <span class='ocrx_word' id='word_1_89' title='bbox 633 2239 747 2304; x_wconf 88' lang='lat' dir='ltr'>umbra</span> <span class='ocrx_word' id='word_1_90' title='bbox 770 2240 952 2304; x_wconf 88' lang='lat' dir='ltr'>scholarum</span> <span class='ocrx_word' id='word_1_91' title='bbox 976 2240 1121 2306; x_wconf 83' lang='lat' dir='ltr'>edoctis</span> <span class='ocrx_word' id='word_1_92' title='bbox 1149 2239 1275 2326; x_wconf 80' lang='lat' dir='ltr'>excogi-</span> 
     </span>
     <span class='ocr_line' id='line_1_12' title="bbox 126 2344 1275 2431; baseline -0.002 -18"><span class='ocrx_word' id='word_1_93' title='bbox 126 2352 195 2413; x_wconf 88' lang='lat' dir='ltr'>tata</span> <span class='ocrx_word' id='word_1_94' title='bbox 218 2352 250 2412; x_wconf 90' lang='lat' dir='ltr'>et</span> <span class='ocrx_word' id='word_1_95' title='bbox 273 2368 361 2412; x_wconf 88' lang='lat' dir='ltr'>serae</span> <span class='ocrx_word' id='word_1_96' title='bbox 384 2347 507 2411; x_wconf 89' lang='lat' dir='ltr'>aetatis.</span> <span class='ocrx_word' id='word_1_97' title='bbox 554 2344 663 2411; x_wconf 81' lang='lat' dir='ltr'>Tertia</span> <span class='ocrx_word' id='word_1_98' title='bbox 684 2346 789 2411; x_wconf 88' lang='lat' dir='ltr'>forma</span> <span class='ocrx_word' id='word_1_99' title='bbox 812 2369 893 2431; x_wconf 85' lang='lat' dir='ltr'>quae</span> <span class='ocrx_word' id='word_1_100' title='bbox 917 2346 1100 2413; x_wconf 77' lang='lat' dir='ltr'>etiamnunc</span> <span class='ocrx_word' id='word_1_101' title='bbox 1122 2370 1142 2411; x_wconf 91' lang='lat' dir='ltr'>a</span> <span class='ocrx_word' id='word_1_102' title='bbox 1163 2347 1275 2412; x_wconf 91' lang='lat' dir='ltr'>multis</span> 
     </span>
     <span class='ocr_line' id='line_1_13' title="bbox 129 2452 1276 2540; baseline 0.001 -22"><span class='ocrx_word' id='word_1_103' title='bbox 129 2458 302 2540; x_wconf 87' lang='lat' dir='ltr'>usurpatur</span> <span class='ocrx_word' id='word_1_104' title='bbox 319 2455 421 2519; x_wconf 63' lang='lat' dir='ltr'>suoru</span> <span class='ocrx_word' id='word_1_105' title='bbox 440 2475 505 2518; x_wconf 90' lang='lat' dir='ltr'>non</span> <span class='ocrx_word' id='word_1_106' title='bbox 523 2452 639 2519; x_wconf 89' lang='lat' dir='ltr'>Latina</span> <span class='ocrx_word' id='word_1_107' title='bbox 658 2458 715 2538; x_wconf 86' lang='lat' dir='ltr'>est,</span> <span class='ocrx_word' id='word_1_108' title='bbox 736 2455 791 2518; x_wconf 92' lang='lat' dir='ltr'>sed</span> <span class='ocrx_word' id='word_1_109' title='bbox 810 2453 1001 2520; x_wconf 79' lang='lat' dir='ltr'>Graecanica</span> <span class='ocrx_word' id='word_1_110' title='bbox 1019 2455 1065 2519; x_wconf 89' lang='lat' dir='ltr'>ita</span> <span class='ocrx_word' id='word_1_111' title='bbox 1083 2457 1120 2519; x_wconf 89' lang='lat' dir='ltr'>ut</span> <span class='ocrx_word' id='word_1_112' title='bbox 1137 2454 1149 2518; x_wconf 91' lang='lat' dir='ltr'>i</span> <span class='ocrx_word' id='word_1_113' title='bbox 1167 2454 1276 2519; x_wconf 89' lang='lat' dir='ltr'>littera</span> 
     </span>
     <span class='ocr_line' id='line_1_14' title="bbox 128 2559 1275 2648; baseline 0.002 -25"><span class='ocrx_word' id='word_1_114' title='bbox 128 2559 238 2625; x_wconf 90' lang='lat' dir='ltr'>locum</span> <span class='ocrx_word' id='word_1_115' title='bbox 260 2583 281 2644; x_wconf 85' lang='lat' dir='ltr'><strong>y</strong></span> <span class='ocrx_word' id='word_1_116' title='bbox 303 2564 418 2626; x_wconf 87' lang='lat' dir='ltr'>teneat.</span> <span class='ocrx_word' id='word_1_117' title='bbox 463 2559 577 2645; x_wconf 91' lang='lat' dir='ltr'>Neque</span> <span class='ocrx_word' id='word_1_118' title='bbox 601 2561 686 2626; x_wconf 91' lang='lat' dir='ltr'>enim</span> <span class='ocrx_word' id='word_1_119' title='bbox 714 2561 864 2648; x_wconf 82' lang='lat' dir='ltr'>analogia</span> <span class='ocrx_word' id='word_1_120' title='bbox 891 2561 1073 2627; x_wconf 88' lang='lat' dir='ltr'>defenditur</span> <span class='ocrx_word' id='word_1_121' title='bbox 1098 2561 1275 2626; x_wconf 88' lang='lat' dir='ltr'>formarum</span> 
     </span>
     <span class='ocr_line' id='line_1_15' title="bbox 130 2665 1410 2754; baseline 0.002 -23"><span class='ocrx_word' id='word_1_122' title='bbox 130 2665 463 2747; x_wconf 70' lang='lat' dir='ltr'>decumae-lucrinum,</span> <span class='ocrx_word' id='word_1_123' title='bbox 489 2669 795 2752; x_wconf 72' lang='lat' dir='ltr'>pontufcnpontifen</span> <span class='ocrx_word' id='word_1_124' title='bbox 827 2669 995 2754; x_wconf 79' lang='lat' dir='ltr'>similium,</span> <span class='ocrx_word' id='word_1_125' title='bbox 1030 2668 1119 2754; x_wconf 90' lang='lat' dir='ltr'>quod</span> <span class='ocrx_word' id='word_1_126' title='bbox 1148 2668 1274 2734; x_wconf 88' lang='lat' dir='ltr'>nullum</span> <span class='ocrx_word' id='word_1_127' title='bbox 1408 2742 1410 2747; x_wconf 88' lang='lat'><em>.</em></span> 
     </span>
     <span class='ocr_line' id='line_1_16' title="bbox 129 2772 1274 2863; baseline 0.004 -27"><span class='ocrx_word' id='word_1_128' title='bbox 129 2772 311 2856; x_wconf 86' lang='lat' dir='ltr'>exemplum</span> <span class='ocrx_word' id='word_1_129' title='bbox 334 2777 408 2850; x_wconf 84' lang='lat' dir='ltr'>ante</span> <span class='ocrx_word' id='word_1_130' title='bbox 431 2797 447 2838; x_wconf 94' lang='lat' dir='ltr'>r</span> <span class='ocrx_word' id='word_1_131' title='bbox 470 2775 610 2840; x_wconf 89' lang='lat' dir='ltr'>litteram</span> <span class='ocrx_word' id='word_1_132' title='bbox 635 2775 720 2859; x_wconf 91' lang='lat' dir='ltr'>quod</span> <span class='ocrx_word' id='word_1_133' title='bbox 744 2799 765 2839; x_wconf 92' lang='lat' dir='ltr'>u</span> <span class='ocrx_word' id='word_1_134' title='bbox 788 2778 934 2841; x_wconf 86' lang='lat' dir='ltr'>uocalem</span> <span class='ocrx_word' id='word_1_135' title='bbox 957 2776 1125 2863; x_wconf 81' lang='lat' dir='ltr'>infregerit</span> <span class='ocrx_word' id='word_1_136' title='bbox 1152 2776 1274 2860; x_wconf 83' lang='lat' dir='ltr'>profer-</span> 
     </span>
     <span class='ocr_line' id='line_1_17' title="bbox 119 2872 1274 2969; baseline 0.003 -26"><span class='ocrx_word' id='word_1_137' title='bbox 119 2872 182 2944; x_wconf 85' lang='lat' dir='ltr'>tur</span> <span class='ocrx_word' id='word_1_138' title='bbox 204 2902 307 2965; x_wconf 88' lang='lat' dir='ltr'>ueque</span> <span class='ocrx_word' id='word_1_139' title='bbox 330 2903 484 2966; x_wconf 90' lang='lat' dir='ltr'>nmquam</span> <span class='ocrx_word' id='word_1_140' title='bbox 507 2881 609 2947; x_wconf 91' lang='lat' dir='ltr'>ueluti</span> <span class='ocrx_word' id='word_1_141' title='bbox 632 2882 755 2948; x_wconf 65' lang='lat' dir='ltr'>temeres</span> <span class='ocrx_word' id='word_1_142' title='bbox 777 2883 943 2949; x_wconf 88' lang='lat' dir='ltr'>dicebatur</span> <span class='ocrx_word' id='word_1_143' title='bbox 962 2906 1021 2969; x_wconf 93' lang='lat' dir='ltr'>pro</span> <span class='ocrx_word' id='word_1_144' title='bbox 1040 2884 1170 2950; x_wconf 78' lang='lat' dir='ltr'>lemures</span> <span class='ocrx_word' id='word_1_145' title='bbox 1188 2882 1274 2948; x_wconf 90' lang='lat' dir='ltr'>simi-</span> 
     </span>
     <span class='ocr_line' id='line_1_18' title="bbox 126 2988 1273 3075; baseline 0.003 -24"><span class='ocrx_word' id='word_1_146' title='bbox 126 2988 179 3067; x_wconf 87' lang='lat' dir='ltr'>lia,</span> <span class='ocrx_word' id='word_1_147' title='bbox 204 2988 259 3052; x_wconf 88' lang='lat' dir='ltr'>sed</span> <span class='ocrx_word' id='word_1_148' title='bbox 281 2989 410 3075; x_wconf 82' lang='lat' dir='ltr'>uulgari</span> <span class='ocrx_word' id='word_1_149' title='bbox 433 2989 696 3073; x_wconf 87' lang='lat' dir='ltr'>pronuntiatione</span> <span class='ocrx_word' id='word_1_150' title='bbox 718 2996 825 3056; x_wconf 77' lang='lat' dir='ltr'>sutoro</span> <span class='ocrx_word' id='word_1_151' title='bbox 844 2991 1042 3057; x_wconf 87' lang='lat' dir='ltr'>scribebatur</span> <span class='ocrx_word' id='word_1_152' title='bbox 1059 2990 1162 3055; x_wconf 90' lang='lat' dir='ltr'>ueluti</span> <span class='ocrx_word' id='word_1_153' title='bbox 1180 2989 1273 3056; x_wconf 83' lang='lat' dir='ltr'>Mart.</span> 
     </span>
     <span class='ocr_line' id='line_1_19' title="bbox 128 3090 1275 3182; baseline 0.005 -26"><span class='ocrx_word' id='word_1_154' title='bbox 128 3090 203 3177; x_wconf 82' lang='lat' dir='ltr'>Gap.</span> <span class='ocrx_word' id='word_1_155' title='bbox 222 3115 252 3177; x_wconf 93' lang='lat' dir='ltr'>p.</span> <span class='ocrx_word' id='word_1_156' title='bbox 272 3093 403 3180; x_wconf 79' lang='grc'>374,11</span> <span class='ocrx_word' id='word_1_157' title='bbox 428 3095 583 3180; x_wconf 81' lang='lat' dir='ltr'>Eyssenh.</span> <span class='ocrx_word' id='word_1_158' title='bbox 607 3118 713 3181; x_wconf 89' lang='lat' dir='ltr'>neque</span> <span class='ocrx_word' id='word_1_159' title='bbox 735 3120 795 3182; x_wconf 93' lang='lat' dir='ltr'>pro</span> <span class='ocrx_word' id='word_1_160' title='bbox 818 3099 957 3163; x_wconf 87' lang='lat' dir='ltr'>formula</span> <span class='ocrx_word' id='word_1_161' title='bbox 968 3120 1029 3182; x_wconf 80' lang='lat' dir='ltr'>per</span> <span class='ocrx_word' id='word_1_162' title='bbox 1046 3104 1188 3164; x_wconf 78' lang='lat' dir='ltr'>sotorum</span> <span class='ocrx_word' id='word_1_163' title='bbox 1206 3120 1275 3162; x_wconf 93' lang='lat' dir='ltr'>um-</span> 
     </span>
     <span class='ocr_line' id='line_1_20' title="bbox 128 3201 1274 3289; baseline 0.005 -25"><span class='ocrx_word' id='word_1_164' title='bbox 128 3222 223 3284; x_wconf 91' lang='lat' dir='ltr'>quam</span> <span class='ocrx_word' id='word_1_165' title='bbox 253 3201 315 3266; x_wconf 90' lang='lat' dir='ltr'>dici</span> <span class='ocrx_word' id='word_1_166' title='bbox 342 3201 450 3285; x_wconf 91' lang='lat' dir='ltr'>potuit</span> <span class='ocrx_word' id='word_1_167' title='bbox 475 3223 535 3285; x_wconf 84' lang='lat' dir='ltr'>per</span> <span class='ocrx_word' id='word_1_168' title='bbox 566 3206 700 3269; x_wconf 69' lang='lat' dir='ltr'>eatbam</span> <span class='ocrx_word' id='word_1_169' title='bbox 732 3227 834 3289; x_wconf 90' lang='lat' dir='ltr'>neque</span> <span class='ocrx_word' id='word_1_170' title='bbox 866 3227 925 3289; x_wconf 94' lang='lat' dir='ltr'>pro</span> <span class='ocrx_word' id='word_1_171' title='bbox 957 3211 1101 3271; x_wconf 70' lang='lat' dir='ltr'>somnone</span> <span class='ocrx_word' id='word_1_172' title='bbox 1130 3206 1274 3271; x_wconf 67' lang='lat' dir='ltr'>adorare.</span> 
     </span>
     <span class='ocr_line' id='line_1_21' title="bbox 131 3306 1274 3398; baseline 0.003 -26"><span class='ocrx_word' id='word_1_173' title='bbox 131 3306 194 3372; x_wconf 82' lang='lat' dir='ltr'>Sed</span> <span class='ocrx_word' id='word_1_174' title='bbox 215 3308 267 3372; x_wconf 85' lang='lat' dir='ltr'>fao</span> <span class='ocrx_word' id='word_1_175' title='bbox 289 3309 423 3375; x_wconf 79' lang='lat' dir='ltr'>sutirum</span> <span class='ocrx_word' id='word_1_176' title='bbox 446 3307 597 3376; x_wconf 89' lang='lat' dir='ltr'>Latinum</span> <span class='ocrx_word' id='word_1_177' title='bbox 620 3311 732 3376; x_wconf 82' lang='lat' dir='ltr'>fuisse:</span> <span class='ocrx_word' id='word_1_178' title='bbox 760 3333 819 3377; x_wconf 91' lang='lat' dir='ltr'>nos</span> <span class='ocrx_word' id='word_1_179' title='bbox 842 3312 977 3396; x_wconf 90' lang='lat' dir='ltr'>probare</span> <span class='ocrx_word' id='word_1_180' title='bbox 1003 3313 1036 3377; x_wconf 92' lang='lat' dir='ltr'>id</span> <span class='ocrx_word' id='word_1_181' title='bbox 1062 3335 1129 3379; x_wconf 91' lang='lat' dir='ltr'>non</span> <span class='ocrx_word' id='word_1_182' title='bbox 1156 3314 1274 3398; x_wconf 91' lang='lat' dir='ltr'>poteri·</span> 
     </span>
     <span class='ocr_line' id='line_1_22' title="bbox 127 3416 1273 3506; baseline 0.007 -28"><span class='ocrx_word' id='word_1_183' title='bbox 127 3435 208 3497; x_wconf 87' lang='lat' dir='ltr'>mus,</span> <span class='ocrx_word' id='word_1_184' title='bbox 231 3437 305 3480; x_wconf 91' lang='lat' dir='ltr'>cum</span> <span class='ocrx_word' id='word_1_185' title='bbox 328 3416 447 3500; x_wconf 89' lang='lat' dir='ltr'>ubique</span> <span class='ocrx_word' id='word_1_186' title='bbox 470 3417 504 3481; x_wconf 92' lang='lat' dir='ltr'>in</span> <span class='ocrx_word' id='word_1_187' title='bbox 527 3417 609 3482; x_wconf 87' lang='lat' dir='ltr'>codd</span> <span class='ocrx_word' id='word_1_188' title='bbox 631 3419 689 3483; x_wconf 91' lang='lat' dir='ltr'>ubi</span> <span class='ocrx_word' id='word_1_189' title='bbox 711 3420 832 3506; x_wconf 81' lang='lat' dir='ltr'>legitur</span> <span class='ocrx_word' id='word_1_190' title='bbox 852 3422 954 3485; x_wconf 77' lang='lat' dir='ltr'>satiro</span> <span class='ocrx_word' id='word_1_191' title='bbox 973 3421 1074 3506; x_wconf 88' lang='lat' dir='ltr'>accipi</span> <span class='ocrx_word' id='word_1_192' title='bbox 1092 3421 1196 3506; x_wconf 88' lang='lat' dir='ltr'>possit</span> <span class='ocrx_word' id='word_1_193' title='bbox 1214 3444 1273 3506; x_wconf 93' lang='lat' dir='ltr'>pro</span> 
     </span>
     <span class='ocr_line' id='line_1_23' title="bbox 126 3520 1273 3616; baseline 0.006 -30"><span class='ocrx_word' id='word_1_194' title='bbox 126 3526 235 3605; x_wconf 67' lang='lat' dir='ltr'>surpra</span> <span class='ocrx_word' id='word_1_195' title='bbox 258 3523 363 3587; x_wconf 89' lang='lat' dir='ltr'>forma</span> <span class='ocrx_word' id='word_1_196' title='bbox 386 3520 468 3610; x_wconf 84' lang='lat' dir='ltr'>(Iud.</span> <span class='ocrx_word' id='word_1_197' title='bbox 491 3523 620 3590; x_wconf 86' lang='lat' dir='ltr'>lection.</span> <span class='ocrx_word' id='word_1_198' title='bbox 644 3526 730 3590; x_wconf 90' lang='lat' dir='ltr'>uuiu.</span> <span class='ocrx_word' id='word_1_199' title='bbox 753 3525 906 3592; x_wconf 86' lang='lat' dir='ltr'>Rostoch.</span> <span class='ocrx_word' id='word_1_200' title='bbox 927 3526 1067 3612; x_wconf 68' lang='lat' dir='ltr'>1889s90</span> <span class='ocrx_word' id='word_1_201' title='bbox 1089 3551 1119 3613; x_wconf 94' lang='lat' dir='ltr'>p.</span> <span class='ocrx_word' id='word_1_202' title='bbox 1141 3526 1273 3616; x_wconf 85' lang='lat'>13.14).</span> 
     </span>
     <span class='ocr_line' id='line_1_24' title="bbox 131 3627 1274 3717; baseline 0.008 -25"><span class='ocrx_word' id='word_1_203' title='bbox 131 3686 132 3691; x_wconf 73' lang='grc'>,</span> <span class='ocrx_word' id='word_1_204' title='bbox 217 3627 287 3704; x_wconf 81' lang='lat' dir='ltr'>Quo</span> <span class='ocrx_word' id='word_1_205' title='bbox 311 3633 456 3716; x_wconf 88' lang='lat' dir='ltr'>tempore</span> <span class='ocrx_word' id='word_1_206' title='bbox 479 3631 584 3697; x_wconf 87' lang='lat' dir='ltr'>forma</span> <span class='ocrx_word' id='word_1_207' title='bbox 605 3638 714 3717; x_wconf 76' lang='lat' dir='ltr'>suipra</span> <span class='ocrx_word' id='word_1_208' title='bbox 736 3636 813 3698; x_wconf 87' lang='lat' dir='ltr'>nata</span> <span class='ocrx_word' id='word_1_209' title='bbox 836 3632 966 3698; x_wconf 89' lang='lat' dir='ltr'>sitnon</span> <span class='ocrx_word' id='word_1_210' title='bbox 991 3638 1125 3699; x_wconf 84' lang='lat' dir='ltr'>constat.</span> <span class='ocrx_word' id='word_1_211' title='bbox 1171 3635 1274 3701; x_wconf 89' lang='lat' dir='ltr'>Persii</span> 
     </span>
     <span class='ocr_line' id='line_1_25' title="bbox 126 3735 1273 3826; baseline 0.009 -27"><span class='ocrx_word' id='word_1_212' title='bbox 126 3735 259 3820; x_wconf 90' lang='lat' dir='ltr'>praebet</span> <span class='ocrx_word' id='word_1_213' title='bbox 283 3736 383 3802; x_wconf 82' lang='lat' dir='ltr'>codex</span> <span class='ocrx_word' id='word_1_214' title='bbox 406 3735 707 3823; x_wconf 87' lang='lat' dir='ltr'>Montepessulanus</span> <span class='ocrx_word' id='word_1_215' title='bbox 730 3740 765 3804; x_wconf 93' lang='lat' dir='ltr'>in</span> <span class='ocrx_word' id='word_1_216' title='bbox 788 3740 1023 3826; x_wconf 88' lang='lat' dir='ltr'>subscriptione</span> <span class='ocrx_word' id='word_1_217' title='bbox 1048 3743 1173 3825; x_wconf 69' lang='lat' dir='ltr'>explicit</span> <span class='ocrx_word' id='word_1_218' title='bbox 1195 3743 1273 3808; x_wconf 85' lang='lat' dir='ltr'>Pcr-</span> 
     </span>
     <span class='ocr_line' id='line_1_26' title="bbox 125 3843 1274 3933; baseline 0.006 -25"><span class='ocrx_word' id='word_1_219' title='bbox 125 3843 209 3909; x_wconf 79' lang='lat' dir='ltr'>sius:</span> <span class='ocrx_word' id='word_1_220' title='bbox 234 3843 462 3909; x_wconf 76' lang='lat' dir='ltr'>lbeboe&#39;dorum</span> <span class='ocrx_word' id='word_1_221' title='bbox 480 3850 591 3910; x_wconf 73' lang='lat' dir='ltr'>auimo</span> <span class='ocrx_word' id='word_1_222' title='bbox 609 3869 634 3911; x_wconf 92' lang='lat' dir='ltr'>e.</span> <span class='ocrx_word' id='word_1_223' title='bbox 651 3869 679 3931; x_wconf 91' lang='lat' dir='ltr'>q.</span> <span class='ocrx_word' id='word_1_224' title='bbox 694 3869 728 3933; x_wconf 85' lang='lat' dir='ltr'>s,</span> <span class='ocrx_word' id='word_1_225' title='bbox 747 3845 859 3912; x_wconf 88' lang='lat' dir='ltr'>Sabini</span> <span class='ocrx_word' id='word_1_226' title='bbox 881 3848 1024 3914; x_wconf 88' lang='lat' dir='ltr'>recensio</span> <span class='ocrx_word' id='word_1_227' title='bbox 1049 3849 1141 3916; x_wconf 77' lang='lat' dir='ltr'>Persi</span> <span class='ocrx_word' id='word_1_228' title='bbox 1163 3849 1274 3916; x_wconf 78' lang='lat' dir='ltr'>Flacci</span> 
     </span>
     <span class='ocr_line' id='line_1_27' title="bbox 126 3951 1273 4043; baseline 0.009 -30"><span class='ocrx_word' id='word_1_229' title='bbox 126 3955 315 4033; x_wconf 67' lang='lat' dir='ltr'>satyrorum,</span> <span class='ocrx_word' id='word_1_230' title='bbox 339 3951 395 4016; x_wconf 88' lang='lat' dir='ltr'>sed</span> <span class='ocrx_word' id='word_1_231' title='bbox 414 3952 554 4036; x_wconf 90' lang='lat' dir='ltr'>priorem</span> <span class='ocrx_word' id='word_1_232' title='bbox 575 3952 765 4038; x_wconf 91' lang='lat' dir='ltr'>scripturam</span> <span class='ocrx_word' id='word_1_233' title='bbox 785 3952 975 4030; x_wconf 86' lang='lat' dir='ltr'>Quintiliani</span> <span class='ocrx_word' id='word_1_234' title='bbox 993 3959 1140 4022; x_wconf 89' lang='lat' dir='ltr'>tutantur</span> <span class='ocrx_word' id='word_1_235' title='bbox 1158 3959 1273 4043; x_wconf 91' lang='lat' dir='ltr'>optimi</span> 
     </span>
    </p>
   </div>
   <div class='ocr_carea' id='block_1_3' title="bbox 124 4055 1288 4359">
    <p class='ocr_par' dir='ltr' id='par_1_3' title="bbox 124 4055 1288 4359">
     <span class='ocr_line' id='line_1_28' title="bbox 127 4055 1288 4167; baseline 0.009 -47"><span class='ocrx_word' id='word_1_236' title='bbox 127 4056 253 4122; x_wconf 88' lang='lat' dir='ltr'>codices</span> <span class='ocrx_word' id='word_1_237' title='bbox 276 4055 323 4121; x_wconf 90' lang='lat' dir='ltr'>IX</span> <span class='ocrx_word' id='word_1_238' title='bbox 346 4058 381 4142; x_wconf 84' lang='lat'>3,</span> <span class='ocrx_word' id='word_1_239' title='bbox 400 4057 505 4167; x_wconf 51' lang='lat' dir='ltr'>9·qui</span> <span class='ocrx_word' id='word_1_240' title='bbox 532 4060 651 4145; x_wconf 89' lang='lat' dir='ltr'>ubique</span> <span class='ocrx_word' id='word_1_241' title='bbox 678 4067 788 4127; x_wconf 75' lang='lat' dir='ltr'>sutoro</span> <span class='ocrx_word' id='word_1_242' title='bbox 815 4063 986 4146; x_wconf 86' lang='lat' dir='ltr'>scripserat</span> <span class='ocrx_word' id='word_1_243' title='bbox 1008 4061 1056 4128; x_wconf 93' lang='lat' dir='ltr'>IX</span> <span class='ocrx_word' id='word_1_244' title='bbox 1075 4066 1108 4150; x_wconf 81' lang='lat'>2,</span> <span class='ocrx_word' id='word_1_245' title='bbox 1127 4065 1169 4130; x_wconf 88' lang='lat'>36</span> <span class='ocrx_word' id='word_1_246' title='bbox 1193 4064 1224 4130; x_wconf 88' lang='lat' dir='ltr'>X</span> <span class='ocrx_word' id='word_1_247' title='bbox 1245 4066 1288 4150; x_wconf 89' lang='grc'>1,</span> 
     </span>
     <span class='ocr_line' id='line_1_29' title="bbox 126 4161 1273 4254; baseline 0.01 -28"><span class='ocrx_word' id='word_1_248' title='bbox 126 4161 178 4226; x_wconf 85' lang='grc'>93.</span> <span class='ocrx_word' id='word_1_249' title='bbox 194 4162 251 4249; x_wconf 80' lang='lat'>953</span> <span class='ocrx_word' id='word_1_250' title='bbox 278 4162 436 4230; x_wconf 88' lang='lat' dir='ltr'>Martialis</span> <span class='ocrx_word' id='word_1_251' title='bbox 454 4164 500 4231; x_wconf 90' lang='lat' dir='ltr'>XI</span> <span class='ocrx_word' id='word_1_252' title='bbox 522 4166 604 4250; x_wconf 88' lang='grc'>10,1</span> <span class='ocrx_word' id='word_1_253' title='bbox 630 4165 693 4232; x_wconf 89' lang='lat' dir='ltr'>XII</span> <span class='ocrx_word' id='word_1_254' title='bbox 710 4167 797 4254; x_wconf 77' lang='grc'>94,7</span> <span class='ocrx_word' id='word_1_255' title='bbox 831 4169 882 4234; x_wconf 89' lang='lat' dir='ltr'>bis</span> <span class='ocrx_word' id='word_1_256' title='bbox 909 4176 1048 4254; x_wconf 70' lang='lat' dir='ltr'>seimus,</span> <span class='ocrx_word' id='word_1_257' title='bbox 1075 4170 1153 4236; x_wconf 89' lang='lat' dir='ltr'>item</span> <span class='ocrx_word' id='word_1_258' title='bbox 1181 4169 1273 4237; x_wconf 86' lang='lat' dir='ltr'>que·</span> 
     </span>
     <span class='ocr_line' id='line_1_30' title="bbox 124 4266 1273 4359; baseline 0.011 -27"><span class='ocrx_word' id='word_1_259' title='bbox 124 4268 208 4334; x_wconf 86' lang='lat' dir='ltr'>nalis</span> <span class='ocrx_word' id='word_1_260' title='bbox 227 4266 243 4333; x_wconf 96' lang='grc' dir='ltr'><strong>Ι</strong></span> <span class='ocrx_word' id='word_1_261' title='bbox 262 4269 304 4334; x_wconf 88' lang='grc'>30</span> <span class='ocrx_word' id='word_1_262' title='bbox 327 4268 458 4335; x_wconf 83' lang='lat'><strong>111321</strong></span> <span class='ocrx_word' id='word_1_263' title='bbox 483 4268 532 4335; x_wconf 86' lang='lat' dir='ltr'>IV</span> <span class='ocrx_word' id='word_1_264' title='bbox 552 4270 614 4336; x_wconf 88' lang='lat'>106</span> <span class='ocrx_word' id='word_1_265' title='bbox 638 4270 686 4337; x_wconf 86' lang='lat' dir='ltr'>Vl</span> <span class='ocrx_word' id='word_1_266' title='bbox 705 4273 784 4359; x_wconf 83' lang='lat'><strong>634,</strong></span> <span class='ocrx_word' id='word_1_267' title='bbox 820 4275 917 4340; x_wconf 91' lang='lat' dir='ltr'>etiam</span> <span class='ocrx_word' id='word_1_268' title='bbox 952 4277 986 4340; x_wconf 92' lang='lat' dir='ltr'>in</span> <span class='ocrx_word' id='word_1_269' title='bbox 1025 4279 1085 4342; x_wconf 92' lang='lat' dir='ltr'>cod</span> <span class='ocrx_word' id='word_1_270' title='bbox 1121 4279 1273 4344; x_wconf 88' lang='lat' dir='ltr'>Martiani</span> 
     </span>
    </p>
   </div>
   <div class='ocr_carea' id='block_1_4' title="bbox 126 4374 1273 4470">
    <p class='ocr_par' dir='ltr' id='par_1_4' title="bbox 126 4374 1273 4470">
     <span class='ocr_line' id='line_1_31' title="bbox 126 4374 1273 4470; baseline 0.012 -31"><span class='ocrx_word' id='word_1_271' title='bbox 126 4374 275 4463; x_wconf 75' lang='lat' dir='ltr'>Capellae</span> <span class='ocrx_word' id='word_1_272' title='bbox 297 4376 528 4464; x_wconf 86' lang='lat' dir='ltr'>Bambergensi</span> <span class='ocrx_word' id='word_1_273' title='bbox 552 4375 595 4464; x_wconf 88' lang='lat' dir='ltr'>(p.</span> <span class='ocrx_word' id='word_1_274' title='bbox 617 4378 689 4465; x_wconf 86' lang='lat'><strong>195,</strong></span> <span class='ocrx_word' id='word_1_275' title='bbox 704 4381 745 4445; x_wconf 77' lang='lat'>21</span> <span class='ocrx_word' id='word_1_276' title='bbox 765 4379 936 4470; x_wconf 79' lang='lat' dir='ltr'>Eysseuh.)</span> <span class='ocrx_word' id='word_1_277' title='bbox 960 4388 1053 4450; x_wconf 87' lang='lat' dir='ltr'>uetus</span> <span class='ocrx_word' id='word_1_278' title='bbox 1078 4391 1203 4452; x_wconf 86' lang='lat' dir='ltr'>seruata</span> <span class='ocrx_word' id='word_1_279' title='bbox 1223 4391 1273 4455; x_wconf 87' lang='lat' dir='ltr'>est</span> 
     </span>
    </p>
   </div>
   <div class='ocr_carea' id='block_1_5' title="bbox 0 0 1530 5024">
    <p class='ocr_par' dir='ltr' id='par_1_5' title="bbox 0 0 1530 5024">
     <span class='ocr_line' id='line_1_32' title="bbox 0 0 1530 5024; baseline 0 0"><span class='ocrx_word' id='word_1_280' title='bbox 0 0 1530 5024; x_wconf 95' lang='lat' dir='ltr'> </span> 
     </span>
    </p>
   </div>
  </div>
 </body>
</html>
