3052 5024
210 368 348 423 cxxxvi
646 352 938 421 Paonxaounxl.

210 534 352 618 nippeis‚
380 553 444 617 quo
470 530 509 595 de
533 529 644 596 ordine
668 534 795 596 constat
817 529 884 616 p.4
908 554 930 595 ι.
955 554 985 595 u.
1008 531 1128 595 tolutim
1152 533 1184 594 et
1206 529 1362 612 capulum,

211 663 240 724 p.
261 638 282 703 5
311 662 333 703 s.
358 663 387 703 u.
412 639 551 722 cinaedi,
583 662 614 723 p.
635 638 674 702 17
705 661 728 703 s.
753 662 782 702 u.
803 639 989 721 proderitis,
1016 660 1047 721 p.
1069 636 1109 701 18
1139 660 1161 702 s.
1185 661 1214 701 u.
1238 642 1361 701 rutrum

211 746 283 816 aliis
301 747 391 831 locis,
409 749 485 830 post
503 745 617 811 deinde
636 745 700 810 alia
717 744 848 829 addidit,
866 744 969 809 ueluti
984 766 1001 809 e
1014 742 1132 809 Lucilii
1145 743 1238 808 libris
1252 740 1361 806 XXVI

212 851 360 916 -XXX:
389 853 491 917 ueluti
514 876 544 937 p.
563 852 604 917 10
628 875 651 917 s.
675 876 704 916 u.
728 852 813 917 talea
841 852 947 936 primo
975 851 1047 916 loco
1071 851 1203 935 ponitur
1226 850 1362 915 Fluctus

212 959 326 1042 Perse,
354 959 500 1042 sequitur
523 959 666 1024 Lucilc'm
692 965 872 1043 satyrorum
898 958 949 1023 bb.
968 959 1022 1042 ΙΙ,
1049 962 1119 1023 tum
1149 958 1249 1024 Varro
1272 956 1361 1023 Scau-

211 1067 336 1131 macbc‘c
362 1063 438 1150 περὶ
466 1066 590 1150 τύφου,
619 1065 756 1148 denique
784 1065 928 1130 Lucilius
952 1065 1003 1129 lib.
1024 1064 1146 1128 XXX:
1175 1063 1253 1128 conf
1272 1087 1303 1148 p.
1319 1063 1360 1128 78

211 1197 233 1239 s.
254 1197 283 1238 u.
302 1173 408 1258 bulga.
452 1171 555 1239 Sicuti
579 1174 612 1236 in
635 1172 763 1237 Horatii
787 1177 819 1238 et
841 1174 876 1236 in
895 1170 1059 1237 Ciceronis
1077 1171 1158 1236 loeis
1176 1172 1246 1236 fieri
1265 1194 1362 1256 supra

211 1280 361 1363 uidimus,
382 1281 493 1345 eodem
514 1280 609 1345 modo
629 1280 725 1344 etiam
746 1278 799 1344 hic
817 1279 998 1344 uidebimus
1018 1279 1113 1342 modo
1133 1277 1172 1361 V,
1191 1279 1287 1343 modo
1306 1277 1362 1362 IV,

211 1387 307 1452 modo
330 1386 362 1451 H
390 1386 479 1453 locos
508 1388 635 1452 inuerso
664 1386 743 1471 poni
771 1385 894 1451 ordine:
923 1386 1009 1469 quod
1037 1385 1121 1449 idem
1150 1387 1184 1449 in
1207 1384 1361 1451 Varronis

212 1494 328 1558 saturis
361 1516 421 1558 usu
452 1495 561 1557 uenire
588 1491 886 1577 probabilissimum
914 1493 982 1556 erit.
1032 1490 1146 1575 Neque
1174 1493 1236 1556 alio
1265 1493 1361 1557 modo

211 1601 332 1665 factum
371 1622 439 1665 esse
473 1602 507 1664 in
544 1598 686 1665 eiusdem
723 1599 798 1663 libri
832 1599 967 1685 singulis
1001 1599 1191 1685 fragmentis
1223 1603 1313 1684 patet
1345 1622 1361 1663 e

211 1706 312 1772 Nonii
335 1729 365 1790 p.
380 1707 455 1791 402,
470 1707 585 1789 bseqq.
609 1706 665 1771 ubi
689 1706 808 1792 legitur
832 1704 920 1792 (uide
944 1706 1028 1770 infra
1051 1729 1082 1791 p.
1098 1704 1155 1770 CII
1174 1704 1266 1793 seq.):

212 1909 241 1969 p.
257 1885 366 1969 402,6
445 1885 589 1950 Lucilius
611 1886 667 1949 lib.
682 1884 772 1948 XXX
918 1885 995 1968 quid
1019 1885 1081 1950 sibi
1105 1886 1243 1950 uult...

212 2015 243 2076 p.
256 1992 333 2076 403,
346 1992 389 2058 25
446 1992 589 2057 Lucilius
613 1992 668 2056 lib.
683 1991 824 2056 XXVIII
916 1993 1007 2077 pueri
1030 1998 1214 2075 praeterea.
1231 2044 1235 2055 .
1252 2043 1258 2056 .

211 2230 241 2292 p.
257 2205 332 2290 405,
348 2208 386 2271 11
446 2206 590 2272 Lucilius
613 2206 669 2271 lib.
683 2204 840 2271 XXVIIII
918 2208 964 2272 sic
988 2205 1135 2272 Socrates

212 2337 242 2398 p.
257 2312 332 2398 405,
349 2312 390 2378 16
447 2313 590 2379 Lucilius
614 2314 668 2378 lib.
684 2311 842 2377 XXVIIII
917 2336 991 2378 nam
1016 2318 1053 2378 ut
1075 2313 1247 2379 dlecrimen

211 2444 241 2505 p.
256 2420 332 2505 406,
347 2420 390 2485 23
447 2420 591 2486 Lucilius
614 2421 669 2485 lib.
683 2418 882 2505 XXVI<HI>
919 2425 953 2485 at
983 2421 1035 2486 cui
1067 2442 1161 2505 quern
1190 2419 1361 2509 (senarius)

211 2551 242 2612 p.
256 2527 366 2607 407,2
444 2527 589 2593 Lucilius
612 2527 667 2592 lib.
682 2526 824 2592 XXVIII
917 2529 1017 2593 tantis

212 2657 242 2719 p.
257 2634 333 2718 407,
347 2635 390 2699 30
446 2635 590 2700 Lucilius
612 2635 667 2700 lib.
682 2633 807 2700 XXVII
915 2636 978 2700 iam
1003 2658 1066 2719 qua

212 2872 242 2933 p.
257 2805 372 2930 losa
446 2847 590 2913 auersus
614 2848 668 2914 us.
683 2848 774 2912 xxx
918 2849 973 2914 seu
996 2849 1074 2933 quid
1097 2871 1157 2934 ego

212 2979 243 3040 p.
258 2954 334 3038 408,
347 2954 391 3019 24
447 2954 590 3020 Lucilius
613 2956 668 3019 lib.
683 2954 792 3019 XXVI
917 2979 1093 3040 numquam
1117 2958 1206 3040 prius

214 3134 284 3212 Quo
312 3133 384 3199 loco
414 3137 539 3198 constat
566 3135 604 3197 de
633 3134 744 3198 ordine
772 3134 928 3199 librorum
956 3135 1097 3200 inuerso:
1129 3136 1206 3201 item
1236 3141 1363 3202 constat

214 3242 252 3305 de
271 3240 382 3305 ordine
401 3239 601 3325 singulorum
620 3240 762 3305 eiusdem
781 3241 857 3305 libri
875 3241 1137 3328 fragmentorum.
1174 3242 1259 3307 Nam
1276 3248 1363 3310 recte

214 3349 381 3412 coniunxit
408 3346 632 3412 Lachmannus
660 3347 841 3433 fragmenta
869 3349 925 3412 illa
951 3347 1006 3412 lib.
1027 3346 1135 3412 XXIX
1162 3350 1226 3414 hoe
1252 3351 1361 3416 modo:

303 3489 368 3553 830
392 3492 423 3552 et
446 3489 575 3553 amabat
599 3510 717 3554 omnes.
764 3512 838 3555 nam
862 3495 899 3555 ut
922 3492 1094 3557 discrimen
1116 3515 1182 3558 non
1204 3494 1283 3559 facit

389 3617 493 3680 neque
517 3596 623 3683 signat
646 3597 731 3663 linea
753 3598 826 3663 alba
848 3599 905 3681 <ia
925 3600 994 3665 albo
1012 3603 1199 3685 rummare),

391 3704 438 3769 sic
461 3702 609 3770 Socrates
628 3705 662 3769 in
685 3727 792 3771 amore
816 3707 904 3771 etin
927 3707 1175 3773 adulescentulis

391 3810 523 3877 meliore
546 3812 643 3894 paulo
667 3813 762 3878 facie:
786 3814 893 3900 signat
915 3813 997 3878 nihil
1021 3836 1115 3899 quem
1139 3816 1298 3900 am[ar]et.

301 3953 415 4038 Neque
438 3959 546 4019 tamen
569 3955 615 4019 ita
638 3957 767 4040 ineptus
788 3961 856 4021 erat
873 3955 1010 4041 Nonius,
1033 3962 1071 4022 ut
1090 3958 1232 4022 eiusdem
1250 3980 1363 4024 uersus

213 4063 312 4127 uerba
338 4066 545 4147 praepostero
575 4061 686 4127 ordine
709 4062 894 4147 collocaret3
922 4086 986 4147 qua
1009 4064 1047 4129 de
1069 4087 1104 4129 re
1128 4067 1279 4131 certiores
1302 4088 1362 4130 nos

213 4170 282 4233 fieri
314 4168 390 4233 licet
421 4192 452 4253 p.
472 4168 528 4251 37,
554 4169 610 4252 19,
643 4192 706 4253 quo
738 4172 810 4234 loco
843 4171 881 4235 de
910 4173 1037 4237 inuerso
1066 4174 1178 4238 ordine
1204 4173 1362 4240 librorum

214 4280 352 4340 constat:
587 4287 590 4294 '

302 4407 333 4468 p.
347 4383 401 4470 37,
415 4385 456 4448 21
482 4385 635 4469 inpertire
658 4389 707 4451 est
729 4350 944 4473 participare.
960 4442 965 4454 .
982 4439 988 4452 .
1003 4389 1148 4454 Lucilius
1166 4389 1222 4453 lib.
1237 4387 1363 4454 XXVII

214 4489 344 4573 ‘quibus
367 4495 476 4576 potest
498 4492 643 4578 inpertit’
659 4544 666 4557 .
682 4546 686 4556 .
704 4545 710 4559 .
