3052 5024
228 350 316 405 XLVI
658 353 936 405 PROLEGOMENA.

226 513 360 581 Saturae
379 513 436 579 illo
454 516 557 579 lustro
576 515 667 579 locus
680 535 747 580 non
762 518 830 579 erat
842 536 946 599 neque
959 536 1023 598 pax
1037 518 1070 580 et
1083 516 1194 600 otium,
1215 538 1278 601 quo
1294 538 1376 602 opus

226 626 295 687 6161
313 622 383 687 seni
401 625 515 706 poetae
534 620 574 686 ad
593 622 733 686 carmina
750 622 904 688 facienda.
941 620 1025 687 Nem
1044 645 1128 688 anno
1148 623 1219 708 ipso
1234 621 1375 709 6281126

225 727 391 794 Μ.Ι611166
404 728 533 796 Pennus
552 732 591 794 tr.
606 729 648 813 pl.
664 730 768 815 legem
788 728 864 794 tulit
883 751 947 813 qua
964 731 1150 816 peregrinos
1169 753 1208 795 ex
1227 729 1305 795 urbe
1324 752 1376 795 ex-

224 837 419 901 terminaret.
444 833 523 923 (Gic.
539 835 577 899 de
593 833 753 900 eumer
765 834 930 901 Β1111.109
944 834 1137 902 Μο11111166111
1150 837 1224 902 hist.
1240 835 1375 902 RomH

223 967 254 1028 p.
272 940 358 1030 102).
405 940 439 1008 G.
451 941 613 1008 Gracchus
643 943 757 1008 absens
784 942 849 1007 fuit
875 942 932 1007 illo
960 965 1044 1008 anno
1073 948 1224 1028 quaestor
1251 943 1376 1010 Aurelii

226 1050 366 1116 consulis
398 1050 433 1115 111
465 1047 626 1133 Sardinia,
663 1071 780 1136 magna
815 1071 888 1115 cum
919 1051 1087 1135 uoluptate
1119 1051 1375 1117 aduersariorum

226 1155 325 1245 (Plut.
341 1155 374 1223 G.
385 1155 518 1224 Gracch.
536 1154 580 1243 l),
599 1156 655 1241 qui
674 1156 784 1222 dolose
803 1179 876 1222 eum
896 1157 992 1222 etiam
1007 1157 1041 1223 in
1057 1180 1176 1223 annum
1191 1163 1376 1243 sequentem

224 1265 264 1330 ab
293 1265 371 1331 urbe
398 1263 608 1329 remouebant
636 1263 762 1329 consuli
791 1265 826 1328 in
849 1261 997 1329 Sardinia
1019 1265 1212 1330 manendum
1236 1287 1304 1331 6666
1326 1287 1376 1330 ro·

226 1376 347 1458 gantos.
394 1369 426 1436 0.
439 1369 618 1436 Gracchum
647 1369 835 1436 dissuasisse
863 1370 965 1436 Penni
998 1371 1102 1457 legem
1135 1372 1279 1438 oratione
1311 1371 1376 1457 illa,

226 1501 323 1563 quem
346 1477 385 1543 de
409 1500 445 1543 ea
467 1476 540 1564 lege
562 1481 595 1541 61
618 1477 657 1542 de
679 1477 858 1564 peregrinis
878 1477 1375 1544 6111161611161116666166166

225 1609 256 1670 p.
271 1584 336 1650 286
355 1583 398 1649 Μ.
418 1588 530 1650 auctor
553 1588 610 1669 est,
634 1588 805 1669 antequam
827 1585 862 1649 111
880 1585 1079 1670 prouinciam
1099 1585 1221 1670 abierit,
1244 1587 1375 1650 minime

224 1691 393 1777 probabile
416 1691 550 1756 uidetur.
587 1689 672 1756 Nam
691 1690 867 1778 aduersarii
886 1695 1053 1777 tantopere
1071 1692 1175 1779 ganisi
1195 1689 1374 1758 Gracchum

227 1800 305 1864 urbe
328 1798 493 1884 prohiberi
518 1795 610 1884 (conf
624 1797 709 1864 Plut.
728 1800 748 1864 l.
768 1795 806 1886 s.)
834 1798 942 1883 potius
972 1799 1084 1864 callide
1112 1803 1376 1884 exspectauerant

226 1906 302 1972 dum
336 1905 390 1971 ille
423 1907 686 1990 proficisceretur.
741 1904 834 1981 Quod
865 1906 973 1990 ipsum
1005 1907 1039 1971 in
1070 1906 1177 1972 uerbis
1211 1904 1375 1972 Ciceronis

227 2011 316 2078 Brut.
336 2011 398 2076 109
426 2013 613 2099 agnoscitur
642 2011 839 2077 ‘M.Pennus
861 2013 957 2094 fucate
979 2013 1115 2099 agitauit
1141 2013 1176 2079 in
1200 2011 1376 2098 tribunatu,

227 2117 259 2184 0.
274 2117 451 2213 Gracchum
474 2117 607 2204 paulum
630 2121 734 2184 aetate
756 2119 952 2184 antecedens.
993 2118 1069 2185 Fuit
1092 2121 1177 2184 enim
1195 2118 1238 2184 M.
1253 2118 1376 2205 Lepido

229 2223 653 2292 61Ιι.016616661166111)66
677 2229 827 2310 quaestor
852 2223 1030 2310 Gracchus,
1060 2226 1209 2292 tribunus
1232 2226 1374 2292 Pennus'

226 2355 251 2398 e.
267 2355 296 2417 q.
313 2355 336 2397 s.
373 2331 443 2410 Quo
464 2333 537 2398 loco
559 2353 656 2417 quam
674 2336 760 2398 recte
774 2331 990 2398 Buechelerus
1005 2329 1102 2417 (stud.
1116 2331 1218 2398 Lucil.
1232 2355 1263 2417 p.
1277 2332 1330 2417 94,
1340 2330 1375 2420 2)

227 2440 358 2505 16666111
386 2461 512 2505 comme
538 2440 616 2524 poni
643 2444 718 2525 post
744 2439 918 2519 tribunatu,
950 2461 1011 2525 ego
1039 2437 1150 2504 multis
1182 2439 1274 2504 6111116
1302 2444 1377 2524 post

226 2546 369 2613 intellexi
393 2570 410 2612 e
432 2546 540 2612 Porcii
563 2547 668 2613 Licini
697 2569 794 2612 neren
817 2546 936 2612 Donati
957 2567 1070 2611 comm.
1093 2545 1218 2611 Terent.
1242 2546 1319 2631 p.4,
1335 2546 1373 2611 11

225 2653 390 2720 Weesneri
409 2654 485 2718 ‘tres
508 2676 567 2738 per
588 2654 622 2719 id
640 2658 768 2739 tempus
791 2653 846 2738 qui
868 2652 1036 2740 agitabant
1054 2652 1178 2718 nobiles
1201 2652 1375 2719 facillime'.

226 2760 332 2826 Facile
360 2760 497 2848 agitauit
521 2759 649 2826 Pennus
672 2761 729 2826 illo
754 2782 838 2826 611116
866 2761 952 2845 ideo,
976 2760 1051 2843 quia
1074 2757 1237 2825 Gracchus
1260 2759 1377 2824 absens

225 2868 393 2954 negotium
425 2868 454 2931 ei
486 2889 552 2932 non
584 2866 758 2932 facessiuit.
804 2865 900 2932 Anno
932 2889 1009 2932 uero
1040 2866 1182 2952 63οχ124
1214 2863 1377 2933 Gracchus

226 2974 392 3039 biennium
425 2974 459 3039 in
490 2973 660 3058 prouincia
692 2978 835 3040 moratus
868 2971 966 3061 (Geli.
982 2972 1043 3038 XV
1059 2971 1120 3061 12)
1158 2974 1258 3040 116166
1291 2974 1377 3059 quod

225 3080 362 3146 fallaciis
386 3080 592 3165 optimatium
611 3079 716 3145 Roma
734 3080 959 3165 prohiberetur
979 3081 1013 3146 in
1031 3080 1144 3146 urbem
1162 3079 1258 3145 rediit
1277 3077 1375 3167 (Plut.

227 3187 261 3253 0.
274 3185 451 3274 (11666112)
466 3189 648 3272 multasque
664 3187 824 3253 orationes
838 3186 1060 3276 habuit(Plut.
1070 3186 1123 3252 16.
1133 3192 1166 3252 61
1176 3187 1205 3252 3.
1221 3185 1300 3252 Gell.
1310 3185 1377 3275 le.)

227 3296 312 3360 inter
335 3316 414 3379 quas
437 3294 618 3379 ponendam
643 3294 750 3359 iudico
773 3294 951 3360 6666111661
971 3293 1010 3358 de
1027 3293 1099 3381 lege
1117 3293 1219 3359 Penni
1238 3298 1271 3359 et
1289 3281 1378 3379 pere

226 3402 342 3488 grinis:
371 3401 455 3467 hanc
483 3402 569 3466 enim
591 3403 696 3489 legem
720 3401 908 3489 abrogatam
936 3423 1005 3466 6666
1029 3398 1165 3466 Gracchi
1187 3400 1377 3466 anctoritate

228 3509 285 3573 illo
318 3530 402 3573 anno
435 3512 568 3593 apparet
598 3509 705 3575 uerbis
732 3508 817 3574 Plut.
836 3510 856 3573 1.
876 3531 900 3574 6.
919 3508 957 3573 3:
985 3507 1019 3572 ‘0
1051 3504 1119 3574 db.
1156 3507 1293 3585 ,εὐθὺς
1324 3505 1378 3573 ἐπὶ

227 3616 413 3700 δημαρχίαν
435 3615 567 3701 όόρμησε
657 3618 759 3702 όχλου
783 3616 820 3682 δὲ
842 3616 1005 3682 τοσούτου
1029 3614 1229 3702 συρρέοντος
1252 3616 1300 3692 εἰς
1317 3615 1378 3698 την

185 3736 190 3743 ’
227 3724 326 3787 πόλιν
353 3719 389 3787 ἐν
418 3731 476 3807 τῆς
499 3721 638 3801 Ἰταλίας
668 3722 723 3789 uel
752 3722 1138 3809 συναρχαιρεσιάζοντος,
1171 3722 1216 3798 ὡς
1242 3724 1379 3798 πολλοῖς

226 3825 288 3914 μὲν
315 3830 458 3914 οἰκήσεις
486 3828 649 3896 ἐπιλιπεῖν
676 3835 744 3895 ιιτλ.
793 3827 889 3894 Anno
917 3834 1024 3894 autem
1051 3827 1192 3912 cutura
1221 3829 1325 3912 όχλοο
1348 3877 1378 3893 ..

226 3938 440 4021 πανταχόθεν
476 3936 564 4024 αὐτῷ
598 3939 775 4014 συνιόντος
809 3939 939 4002 ἔπεισεν
970 3937 990 4020 ἡ
1022 3935 1127 4018 βουλὴ
1159 3935 1219 4000 τὸν
1250 3934 1379 4001 ὕπατον

230 4043 380 4109 Φάννιον
408 4040 561 4126 ἐκβαλεῖν
587 4045 666 4121 τοὺς
694 4044 817 4122 άλλους
843 4044 931 4127 πλην
948 4041 1116 4124 Ῥωμαίων
1143 4042 1289 4118 ἅπαντας
1310 4045 1379 4107 ιιτλ,

228 4149 261 4237 (l.
278 4173 301 4217 s.
319 4149 375 4238 12)
394 4146 532 4235 Appian.
552 4149 582 4215 b.
602 4171 627 4215 c.
646 4147 734 4216 123:
757 4151 777 4234 ἡ
795 4152 901 4235 βουλὴ
921 4151 1181 4235 διαταραχθεῖσα
1198 4151 1278 4227 τοὺς
1295 4147 1380 4214 ὑπά-

228 4281 305 4334 τους
337 4255 488 4323 ἑκόλευσε
519 4256 710 4343 προγράψαι
742 4255 867 4342 μηδένα
899 4268 967 4323 τῶν
994 4256 1034 4322 οὐ
1063 4258 1236 4342 φερόντων
1262 4264 1380 4340 ψῆφον

228 4361 402 4447 ἐπιδημεῖν
437 4373 477 4450 τῇ
514 4366 609 4429 πόλει
645 4359 728 4449 μηδὲ
763 4363 1002 4449 προσπελάζειν
1038 4362 1102 4428 άπὸ
1133 4362 1380 4448 τεσσαράκοντα

229 4472 373 4536 σταδίων
404 4472 493 4557 παρὰ
520 4471 584 4554 τὴν
612 4469 773 4556 ἐσομένην
801 4468 877 4555 περὶ
904 4471 1010 4535 τῶνδε
1037 4480 1105 4536 τῶν
1132 4472 1245 4554 νόμον
1271 4493 1380 4555 χειρο-
