3082 5018
224 329 334 386 CXXIV
658 332 938 384 PROLHGOMHNA.

312 491 398 558 XXI.
416 493 633 577 Hieronymus
657 495 691 558 in
712 493 814 559 indice
831 494 988 559 librorum
1006 492 1049 558 M.
1059 492 1200 559 Terentii
1215 491 1369 559 Varronis

224 601 353 666 Reatini
377 599 559 688 (Ritschelii
584 621 691 686 opusc.
706 597 755 664 III
772 623 803 685 p.
818 599 893 665 526.
907 598 971 664 527
992 599 1073 666 Mus.
1087 599 1189 665 Rhen.
1204 598 1267 665 XII
1284 599 1367 665 1857

223 731 253 793 p.
275 705 354 795 151)
382 710 547 772 enumerat
574 708 657 771 inter
680 728 777 791 opera
796 706 949 773 Varronis
974 708 1164 792 ‘satyrarum
1187 707 1370 792 Menippea-

224 838 293 879 rum
317 813 418 880 libros
443 812 505 878 ΟΠ
530 818 599 879 tum
624 815 813 898 ‘satyrarum
837 814 938 880 libros
960 811 1028 879 IV'.

311 918 414 985 XXII.
439 918 611 986 Suetonius
635 921 674 986 de
697 943 830 1008 gramm.
850 921 891 987 15
915 921 1080 1008 ‘henaena
1102 921 1212 1008 Magni
1236 920 1370 1006 Pompei

224 1029 357 1093 libertus
455 1032 546 1093 tanto
574 1049 682 1115 amore
709 1050 786 1116 erga
812 1030 940 1113 patroni
967 1031 1155 1094 memoriam
1184 1028 1304 1112 amitt,
1333 1030 1370 1092 ut

224 1131 413 1201 Sallustium
428 1134 627 1218 historicum,
646 1134 733 1219 quod
747 1155 819 1199 eum
834 1135 899 1200 oris
913 1135 1016 1219 probi,
1033 1136 1140 1200 animo
1155 1134 1369 1201 inuerecundo

224 1242 413 1325 scripsisset,
436 1241 641 1307 acerbissima
663 1246 772 1307 satura
793 1242 990 1325 lacerauerit,
1012 1242 1188 1308 lastaurum
1212 1246 1245 1307 et
1266 1244 1370 1307 lurco·

223 1370 296 1413 nem
320 1351 353 1414 et
370 1347 563 1414 nebulonem
581 1349 841 1434 popinonemque
860 1347 1024 1435 appellans
1042 1353 1075 1414 et
1092 1350 1161 1413 uita
1179 1350 1371 1434 scriptisque

224 1458 453 1538 monstrosum,
480 1460 644 1538 praeterea
670 1457 849 1541 priscorum
875 1454 1006 1521 Catonis
1034 1456 1206 1521 uerborum
1234 1455 1372 1521 inerudi-

225 1561 385 1626 tissimum
409 1561 534 1627 furem'.

311 1665 430 1734 XXIII.
445 1667 568 1734 Probus
584 1668 696 1735 Vallae
715 1670 747 1733 in
764 1668 873 1735 quen.
888 1668 903 1734 I
918 1670 962 1735 20
981 1670 1129 1758 ‘magnus
1201 1670 1371 1736 Auruncae

224 1825 275 1839 ...
298 1776 456 1841 alumnns’
473 1827 479 1839 .
495 1827 501 1840 .
517 1827 522 1838 .
540 1775 604 1840 ‘uel
631 1775 792 1841 lenaeum
820 1774 881 1863 (ite
909 1776 1129 1843 Oasaubonus:
1158 1777 1274 1843 λιιιὶιιιιι
1309 1781 1370 1842 tra·

224 1877 323 1967 ditur)
348 1881 438 1966 dicit,
462 1883 519 1966 qui
542 1887 574 1947 et
597 1883 664 1966 ipse
688 1887 811 1966 satyras
835 1884 983 1968 scripsit'.

311 1987 430 2053 XXIV.
461 1987 511 2053 De
547 1989 581 2054 P.
610 1987 752 2054 Terentii
785 1988 940 2055 Varronis
976 1986 1106 2055 Atacini
1143 1991 1260 2056 saturis
1296 1990 1371 2055 uide

224 2097 341 2161 testIm.
365 2094 450 2160 XIX.

163 2212 168 2223 “
311 2202 412 2268 XXV.
434 2202 536 2268 Varro
564 2224 622 2268 rer.
646 2207 723 2269 rust.
748 2201 901 2288 1112,ss
927 2204 973 2268 ‘L.
993 2202 1168 2288 Abuccius,
1195 2204 1307 2287 homo,
1334 2208 1372 2270 ut

224 2312 322 2393 scitis,
346 2310 489 2395 adprime
513 2310 635 2394 doctus,
658 2312 748 2376 cuius
769 2311 936 2376 Luciliano
956 2311 1137 2376 charactere
1156 2314 1231 2377 sunt
1247 2311 1369 2376 libelli'

311 2416 428 2482 XXVI.
453 2416 592 2482 Macrob.
617 2415 743 2483 Satura.
767 2415 853 2501 114,
871 2419 911 2482 21
939 2417 1162 2503 ‘Temporibus
1189 2419 1371 2483 triumuira-

222 2524 307 2590 libus
335 2523 454 2609 Pollio,
485 2544 558 2590 cnm
590 2525 792 2590 fescenninos
823 2526 858 2590 in
885 2547 958 2589 eum
987 2523 1155 2612 Augustus
1183 2526 1372 2610 scripsisset,

223 2632 281 2696 ait:
306 2633 364 2696 “at
388 2653 447 2719 ego
470 2632 608 2697 taceo”'
632 2654 658 2695 e.
674 2653 702 2715 q.
718 2655 741 2697 s.

311 2737 444 2804 XXVII.
468 2738 597 2804 Horatii
620 2742 799 2805 saturarum
824 2762 905 2824 quae
927 2739 1024 2805 hodie
1047 2741 1093 2805 ita
1112 2739 1316 2824 appellantur
1339 2740 1371 2804 in

223 2846 304 2911 codd
332 2845 523 2932 subscriptio
549 2845 596 2922 Ὁ.
616 2845 745 2913 Horatii
768 2846 875 2912 Flacci
903 2868 1085 2913 sermonum
1109 2846 1190 2912 liber
1214 2847 1371 2913 secundus

223 2952 377 3038 explicit':
401 2975 464 3036 quo
488 2954 618 3019 nomine
641 2954 760 3038 ubique
784 2958 907 3019 saturas
931 2954 1080 3019 adferunt
1102 2953 1313 3040 grammatici.

311 3057 462 3124 XXVIII.
477 3058 616 3126 Senecae
630 3063 756 3126 saturae
771 3060 964 3145 subscriptio
976 3057 1246 3145 (F.Buechelerus
1261 3058 1371 3145 Symb.

223 3166 335 3253 philol.
358 3167 461 3232 Bonn.
492 3168 527 3231 in
556 3167 630 3232 hon.
658 3166 691 3231 P.
715 3167 885 3233 Ritschelii
918 3166 934 3233 I
961 3191 990 3252 p.
1012 3165 1069 3254 72)
1103 3165 1207 3252 ‘[Diui
1230 3165 1370 3252 Claudii]

224 3273 356 3357 explicit
379 3273 563 3357 apotheosis
587 3272 714 3339 Annaei
738 3272 876 3340 Senecae
898 3274 1119 3359 persaturam’.

315 3379 431 3445 XXIX.
451 3379 637 3445 Lactantius
656 3381 755 3446 diuin.
770 3381 869 3447 instit.
883 3380 899 3446 Ι
913 3381 1019 3464 21,13
1040 3380 1243 3447 ‘Pescennius
1258 3380 1371 3447 Festus

222 3486 257 3551 in
283 3487 374 3552 libris
402 3485 609 3551 historiarum
637 3511 694 3573 per
721 3492 862 3553 saturam
884 3488 984 3553 refert
1005 3487 1291 3575 Karthaginienses
1315 3486 1370 3554 Sa

223 3597 319 3659 turno
341 3594 499 3659 humanas
522 3594 645 3660 hostias
669 3596 782 3661 solitos
806 3594 983 3661 immolare’
1008 3617 1034 3660 e.
1050 3618 1079 3681 q.
1095 3617 1118 3660 s.

311 3700 410 3766 XXX.
434 3699 569 3766 loannes
598 3701 706 3786 Lydus
740 3703 778 3766 de
811 3702 952 3789 magistr.
980 3724 1010 3786 p.
1031 3701 1068 3765 R.
1091 3701 1183 3767 141:
1208 3700 1371 3769 Ῥίνθωνιι
1470 3784 1477 3800 .

223 3805 277 3873 καὶ
292 3809 421 3893 Σκίροιν
439 3806 493 3873 κοιλ
508 3812 656 3874 Βλαῖσον
679 3807 734 3874 sul
757 3812 835 3885 τοὺς
858 3810 979 3886 ἄλλους
997 3819 1065 3873 τῶν
1080 3811 1370 3895 Πυθαγορ<ελ>ων

224 3920 318 4000 λ’σμεν
339 3914 381 3980 οὐ
405 3925 532 4001 μικρῶν
556 3916 767 4001 ὃιδοιγμολτοιν
790 3914 844 3982 sal
867 3917 925 4000 της
943 3916 1086 4000 μεγάλης
1103 3913 1262 3994 Ἑλλάδος
1280 3915 1370 4000 γενέ-

223 4028 304 4088 σθαι
327 4024 515 4107 καθηγητὰς
538 4021 594 4088 καὶ
613 4024 840 4109 διαφερόντως
859 4024 917 4089 τὸν
935 4021 1107 4108 Ῥίνθωνοι,
1128 4023 1165 4101 ὅς
1184 4021 1370 4109 ἑξαμέτροις

222 4126 345 4216 ἔγραψε
367 4130 505 4215 πρώτως
528 4131 712 4219 κωμῳδίαι.
736 4128 769 4208 ἐξ
793 4126 833 4196 οὗ
856 4141 985 4216 πρῶτος
1009 4131 1121 4215 λαβὼν
1143 4133 1201 4208 τὰς
1219 4130 1371 4215 ἀφορμὰς
1506 4164 1512 4177 .

223 4240 399 4313 Λουκίλιος
420 4236 438 4302 ὁ
457 4234 612 4319 ‘Populos
630 4238 784 4322 ἡρωικοῖς
803 4240 916 4304 ἔτεσιν
935 4234 1140 4327 ἐκωμῴὸηοε.
1162 4235 1238 4322 μεθ’
1257 4236 1297 4303 ὃν
1315 4235 1370 4302 κοιλ

222 4345 300 4420 τοὺς
322 4342 390 4424 μετ’
409 4342 511 4408 αὐτὸν
534 4342 585 4412 λιι
603 4343 715 4409 Horat.
733 4363 823 4410 serm.
846 4343 862 4409 Ι
883 4345 933 4428 10,
951 4345 995 4410 46
1019 4343 1123 4432 sopp),
1149 4344 1208 4422 οὓς
1231 4350 1371 4411 καλοῦσι

218 4447 368 4537 Ῥωμαῖοι
392 4451 599 4536 οιιτυρικούς,
623 4451 655 4516 ολ
674 4447 830 4536 νεώτεροι
849 4453 908 4518 τὸν
922 4455 1093 4537 Κρατίνου
1111 4449 1167 4519 κοιλ
1181 4451 1370 4529 Εὐπόλιδος
