3082 5018
605 336 885 389 PROLEGOMENA.
1236 335 1320 390 CXXI

172 500 356 567 uocabatur.
404 497 502 565 Cuius
531 499 656 586 generis
683 498 825 564 lancium
855 501 888 564 et
910 498 1075 586 Vergilius
1102 500 1137 565 in
1160 501 1330 587 georgicis·

171 607 332 691 meminit‚
356 628 428 672 oum
452 607 514 671 hoo
537 606 632 671 modo
662 605 740 670 dicit
768 603 813 693 (H
839 604 918 692 194)
947 606 1117 673 “lancibus
1133 611 1178 672 ,er
1204 607 1320 695 pendis

171 713 331 780 fumantia
353 712 515 779 reddimus
539 713 635 777 exta”
659 716 692 777 et
715 710 860 800 (11394)
884 713 1078 798 “lancesque
1102 718 1135 779 ot
1156 715 1223 779 liba
1241 715 1319 779 fere·

171 821 275 886 mus''.
299 858 344 867 -
366 817 398 907 b)
422 817 498 884 Siue
526 819 707 904 aquodam
731 841 846 905 genere
872 819 1066 904 farciminis,
1090 820 1177 905 quod
1208 820 1320 888 multis

171 929 267 993 rebus
294 927 447 992 refertum
476 930 616 991 saturam
645 925 724 990 dicit
751 925 853 991 Varro
883 927 1069 992 uocitatum.
1119 927 1181 993 Est
1213 931 1320 993 autem

171 1035 234 1100 hoc
273 1036 416 1120 positum
458 1033 493 1098 in
534 1032 673 1099 secundo
716 1032 800 1098 libro
837 1032 1058 1098 Plautinarum
1097 1034 1320 1119 quaestionum

172 1142 305 1208 “satura
332 1144 381 1206 est
412 1163 477 1205 uua
505 1162 600 1224 passa
631 1144 663 1205 et
693 1140 825 1225 polenta
858 1144 889 1204 et
920 1141 1027 1206 nuclei
1054 1141 1124 1225 pini
1152 1164 1191 1205 ex
1214 1140 1319 1206 mulso

175 1248 347 1334 consparsi.
372 1248 411 1313 ad
434 1246 514 1312 haec
537 1248 592 1312 alii
616 1247 737 1312 addunt
759 1251 793 1312 et
814 1248 853 1311 de
874 1248 959 1312 melo
978 1245 1101 1313 Punico
1125 1247 1257 1334 grana'’.
1277 1285 1319 1294 -

173 1355 202 1444 c)
225 1353 293 1421 Alii
316 1358 423 1420 autem
452 1353 569 1420 dictam
597 1357 715 1439 putant
743 1377 761 1419 a
787 1355 859 1441 lege
882 1356 990 1450 setina
1013 1376 1094 1439 quac
1117 1376 1182 1420 uno
1205 1357 1321 1441 rogatu

172 1461 274 1528 multe
305 1464 402 1528 simul
430 1460 680 1547 conprehendet,
711 1460 798 1546 quod
825 1461 948 1527 scilicet
977 1465 1010 1526 et
1041 1465 1149 1526 satura
1181 1463 1321 1527 carmine

97 1608 99 1613 ,
172 1569 275 1635 multa
306 1569 403 1634 simul
434 1573 584 1653 poemata
615 1568 927 1653 conprehenduntur.
960 1569 1050 1633 ouius
1083 1572 1209 1634 saturae
1239 1569 1334 1654 legisv

172 1676 316 1742 Lucilius
349 1676 497 1741 meminit
528 1675 562 1740 in
594 1676 700 1760 primo
734 1673 778 1762 (u.
801 1673 859 1762 48)
893 1674 975 1760 “per
1009 1678 1148 1740 saturam
1186 1675 1322 1741 aedilem

172 1785 292 1850 facturn
312 1784 368 1867 qui
385 1782 512 1869 legibus
527 1782 656 1847 soluut'’
672 1786 704 1847 et
718 1780 890 1865 Sallustius
909 1783 943 1846 in
957 1781 1115 1867 Iugurtha
1129 1779 1212 1868 (cap.
1222 1781 1275 1866 29,
1285 1778 1321 1869 5)

173 1890 311 1955 “deinde
334 1891 425 1974 quasi
448 1911 507 1974 per
529 1893 669 1955 saturam
693 1889 860 1954 sententiis
879 1888 1048 1974 exquisitis
1071 1890 1105 1953 in
1124 1888 1321 1954 deditionem

175 1996 381 2083 accipitur”.'
446 1994 536 2062 Oodd
581 1996 750 2062 Diomedes
791 1996 932 2062 mittent
978 1996 1090 2078 ubique
1139 2000 1260 2080 satyra,
1304 2019 1323 2061 a

174 2105 304 2189 satyris,
336 2105 430 2170 etium
460 2105 536 2168 lanx
574 2107 681 2188 satyra
713 2109 743 2168 et
770 2102 822 2167 lex
854 2107 974 2188 satyra:
1000 2103 1112 2185 aucae
1138 2127 1159 2167 u
1187 2102 1323 2168 litterum

171 2217 338 2278 seaeant
373 2217 513 2294 mucleto
545 2209 781 2294 Porphyriones
812 2231 907 2294 quem
943 2212 1084 2277 seruauit
1118 2211 1187 2275 ture
1224 2211 1323 2275 editor

172 2319 337 2385 Hotderus.

262 2444 300 2510 V.
329 2442 528 2510 Scholiastae
560 2443 730 2509 Horatiani
762 2443 918 2528 praefatio
951 2444 986 2508 in
1018 2462 1201 2507 sermonum
1233 2440 1322 2506 lib.I

90 2620 92 2624 ,
173 2549 297 2638 (uolll
320 2552 386 2637 p.3
409 2548 576 2638 Hauthal.)

261 2672 296 2762 u)
320 2675 449 2761 ‘Satyra
477 2675 595 2740 dicitur
622 2674 723 2740 lancis
752 2696 852 2761 genus
880 2674 968 2758 <siue
994 2695 1104 2740 uomere
1135 2678 1179 2738 est
1194 2673 1322 2757 polius>
1365 2739 1377 2768 ‚

318 2787 456 2850 tractum
485 2807 504 2847 a
531 2782 628 2847 choro
659 2780 767 2847 Liberi
794 2782 895 2867 patris
923 2781 979 2865 qui
1007 2785 1055 2846 est
1083 2779 1230 2844 minister
1252 2779 1322 2844 uini

320 2894 353 2955 et
375 2892 551 2975 epularum.

264 3013 295 3103 b)
321 3014 435 3099 Satyra
463 3015 557 3080 istius
585 3015 669 3080 inter
696 3013 814 3080 Lucilii
843 3018 892 3079 est
922 3018 954 3078 et
980 3011 1155 3078 quenalis:
1188 3034 1262 3077 nam
1291 3016 1324 3076 et

323 3122 528 3208 asperitatem
552 3120 654 3208 hebet¹
674 3143 769 3205 quam
791 3120 935 3186 Lucilius
959 3124 992 3185 et
1015 3120 1206 3185 suauitatem
1226 3141 1322 3202 quam

323 3227 485 3294 quenalis
505 3228 639 3293 mixtam
662 3228 695 3292 in
715 3250 772 3292 suo
793 3227 941 3292 carmine.
983 3225 1130 3310 Denique
1149 3226 1212 3290 nisi
1230 3223 1323 3289 que-

321 3337 404 3400 nalis
429 3335 617 3420 scripsisset,
641 3336 703 3399 isto
726 3355 821 3399 nemo
845 3338 929 3399 esset
951 3334 1074 3398 melior.

261 3458 292 3547 c)
321 3458 442 3524 Verum
479 3464 586 3524 tamen
624 3459 788 3524 sciendum
825 3459 901 3542 quie
933 3462 1112 3542 satyrarum
1146 3479 1273 3523 carmen
1305 3482 1324 3522 a

321 3565 426 3651 primo
450 3567 594 3632 omnium
618 3569 748 3631 auctore
770 3565 895 3631 Lucilio
920 3569 1083 3650 repertum
1107 3570 1162 3631 est.

264 3686 299 3775 d)
323 3688 474 3773 Plerique
496 3695 636 3776 satyram
660 3692 787 3756 alance
806 3711 887 3775 quae
905 3689 1002 3775 plena
1020 3689 1155 3756 diuersis
1173 3689 1323 3775 frugibus

321 3798 356 3860 in
382 3797 503 3881 templo
533 3796 655 3862 Cereris
687 3797 823 3862 infertur
855 3819 974 3862 nomen
1007 3796 1167 3882 accepisse
1199 3797 1323 3880 dicunt3

320 3925 395 3970 nam
416 3906 447 3967 et
465 3925 502 3967 ea
514 3903 578 3968 hoo
595 3904 726 3968 nomine
743 3905 930 3988 appelletur.
963 3902 1052 3990 Ergo
1072 3905 1104 3968 et
1117 3905 1180 3968 hoc
1196 3923 1323 3968 carmen

320 4013 490 4095 propteroa
526 4013 665 4094 satyram
702 4011 922 4094 nominarunt,
961 4011 1036 4094 quie
1071 4011 1116 4074 ite
1148 4007 1259 4074 multis
1291 4011 1324 4072 ot

321 4118 419 4183 uariis
442 4118 537 4182 rebus
560 4117 714 4182 refertum
739 4120 846 4184 estut
869 4117 1034 4183 audientes
1061 4119 1189 4182 saturet.

377 4240 446 4307 Alii
469 4241 594 4327 dicunt,
618 4242 705 4326 quod
726 4243 773 4308 ite
795 4247 902 4327 satyra
924 4241 1066 4308 uocitata
1088 4240 1143 4323 sit,
1167 4238 1253 4323 quod
1276 4240 1324 4304 ite

322 4350 468 4414 conuicia
491 4353 524 4414 et
546 4350 681 4415 crimina
703 4350 871 4416 hominum
894 4349 995 4415 libere
1017 4346 1156 4432 inuadat,
1179 4349 1217 4412 ut
1239 4349 1323 4416 satu·

322 4455 382 4521 reti
406 4456 563 4541 homines,
587 4458 606 4521 ι.
622 4478 647 4522 e.
662 4457 764 4523 ebrii?
