3052 5024
222 283 360 338 LXXXIV
654 286 934 339 PROLEGOMENA.

221 446 373 512 lustruuit
394 468 515 531 seruus,
539 451 689 531 excerpta
706 448 811 532 prima
830 447 952 512 addidit
971 448 1071 513 exitui
1089 469 1156 533 cap.
1171 447 1187 514 I
1206 453 1238 515 et
1257 471 1325 536 cap.
1338 448 1371 515 II

140 603 149 626 .
221 554 394 639 principio,
417 553 480 619 hoc
502 555 613 619 modo:

221 678 418 764 Non.oap.I
453 703 484 765 p.
499 679 551 763 65,
566 679 609 744 24
653 678 824 745 Maeniana
859 678 1127 745 woieAeadn
1143 679 1369 769 70(post.IV)

251 837 269 870 „
337 836 356 870 ,‚
400 784 432 850 II
452 786 551 871 pos,
568 786 606 851 11
654 786 894 871 adstipulariev
931 838 948 870 ,,
1014 840 1032 872 „
1096 786 1183 851 1167
1200 785 1370 875 (posth)

252 943 269 975 „
335 945 353 977 ,,
398 892 430 959 ΙΙ
451 892 629 978 ρ.111,10
652 893 789 980 gallinas
858 924 894 949 cv
929 944 947 978 ‚‚
1014 944 1032 978 ‚‚
1094 893 1182 958 1157
1199 891 1296 981 (post.
1308 892 1371 981 ΠΙ)

251 1051 269 1082 ,,
336 1051 353 1085 ,,
398 999 430 1064 11
450 1023 481 1086 p.
499 999 572 1084 139,
587 1000 629 1064 32
654 1001 815 1065 mordicus
859 1030 894 1054 ω
930 1051 947 1085 ,,
1014 1052 1032 1085 ,,
1094 1000 1181 1065 Π51
1198 999 1370 1090 (postlll)

222 1123 285 1189 Sed
308 1126 342 1190 in
364 1126 497 1209 reliquis
521 1126 576 1189 lib.
593 1124 640 1189 IV
662 1122 930 1191 Academicorum
953 1124 1032 1190 locis
1056 1126 1105 1191 bis
1128 1148 1274 1211 prorsus,
1301 1130 1371 1190 tum

221 1232 272 1296 bis
309 1237 468 1297 retrorsus
506 1232 622 1296 cedunt
655 1236 817 1317 excerpta,
854 1254 934 1316 quae
967 1235 1076 1296 tamen
1107 1232 1179 1297 aliis
1213 1234 1372 1318 capitibus

220 1343 347 1423 praeter
361 1337 377 1404 Ι
396 1344 428 1404 et
446 1337 478 1403 Π
496 1360 563 1403 non
581 1340 744 1424 apposuit:
768 1338 919 1403 ultimum
934 1339 1018 1403 enim
1034 1339 1109 1403 libri
1123 1337 1171 1403 IV
1185 1343 1372 1424 excerptum

223 1444 343 1530 legitur
365 1445 451 1531 apud
473 1444 556 1510 Non,
580 1469 611 1530 p.
629 1446 759 1530 189,12
783 1446 817 1510 in
840 1446 928 1509 exitu
952 1467 1018 1530 cap.
1034 1443 1074 1509 ΙΙ.

314 1551 419 1637 Caput
441 1574 537 1638 porro
556 1550 604 1616 IV
628 1552 732 1617 solum
752 1554 900 1617 exornari
918 1553 1012 1617 iussit
1030 1551 1156 1619 Nonius
1176 1554 1335 1638 excerptis
1356 1576 1373 1617 e

223 1657 385 1724 Ciceronis
409 1657 619 1743 epistularum
642 1659 726 1723 libro
748 1659 787 1722 ad
806 1663 953 1723 senatum
972 1661 1092 1745 petitis,
1116 1661 1202 1744 quod
1221 1662 1373 1725 uolumen

223 1767 257 1829 in
294 1765 498 1850 bybliotheca
533 1766 601 1831 eius
633 1769 701 1831 erat
734 1766 768 1829 in
800 1767 881 1830 serie
913 1766 1115 1832 uoluminum
1147 1767 1302 1853 primum,
1339 1769 1373 1832 in

221 1877 405 1938 nostrorum
429 1872 575 1937 codicum
591 1871 774 1958 'archetypo
797 1874 965 1959 legebatur
986 1874 1069 1939 liber
1087 1874 1149 1938 XV
1173 1875 1270 1940 sicuti
1287 1896 1373 1939 nunc

222 1978 321 2066 uulgo
344 1980 473 2066 legitur,
496 1980 557 2044 hoc
581 1980 691 2044 modo:

372 2102 405 2169 N
407 2126 456 2169 on.
473 2127 540 2189 cap.
555 2104 601 2168 IV
624 2128 653 2189 p.
670 2104 744 2187 259,
759 2104 802 2168 24
817 2135 852 2158 ω
867 2103 930 2170 Cic.
946 2107 1038 2190 epist.
1054 2105 1115 2170 XV
1132 2106 1183 2192 14,
1197 2106 1217 2171 5

403 2263 421 2295 rr
489 2263 505 2297 a
564 2263 581 2295 rr
625 2212 853 2296 1)·264133Ν
889 2263 906 2295 rr
978 2263 995 2296 rr
1055 2212 1116 2276 XV
1130 2213 1196 2296 472

404 2370 421 2402 v
488 2370 505 2404 v
564 2369 581 2402 rr
625 2342 654 2403 P·
671 2319 853 2402 273231‘*
889 2369 907 2403 υ
978 2370 995 2402 rr
1054 2319 1116 2384 XV
1131 2320 1196 2403 3‚2

403 2476 422 2511 a
489 2477 507 2511 n
565 2475 583 2508 a
627 2425 782 2511 1127413
819 2456 854 2480 Ν
889 2477 907 2512 77
979 2478 996 2510 c
1055 2425 1197 2508 111212

222 2553 305 2619 Tum
329 2554 368 2618 dc
391 2553 516 2638 integro
536 2555 687 2636 excerpta
705 2574 745 2615 ex
762 2550 877 2617 ultima
895 2551 992 2616 huius
1011 2552 1086 2615 libri
1106 2573 1201 2635 quam
1221 2552 1374 2617 tractauit

223 2661 360 2745 epistula
383 2659 446 2724 duo
470 2659 548 2723 item
571 2658 681 2744 posuit
704 2658 815 2723 ordine
838 2658 980 2724 inuerso:

382 2783 465 2849 Non.
486 2805 553 2868 cap.
568 2782 617 2848 IV
639 2807 670 2869 p.
685 2783 760 2867 278,
775 2783 795 2849 5
810 2813 845 2838 ev
859 2781 922 2848 (lio.
938 2783 1031 2868 epist.
1046 2782 1107 2848 XV
1119 2783 1175 2867 16,
1189 2783 1210 2847 3

517 2888 573 2976 (M.
598 2889 724 2954 ‘Pullius
749 2891 788 2955 ad
812 2889 956 2955 Cassium
979 2890 1034 2955 lib.
1050 2888 1080 2976 Ι)

382 2996 465 3062 Non.
485 3018 552 3082 cap.
567 2995 614 3060 IV
637 3021 667 3082 p.
683 2997 757 3080 291,
774 2998 794 3061 9
809 3026 844 3051 ω
860 2995 923 3061 cic.
938 2998 1030 3081 epist.
1045 2996 1107 3060 XV
1125 2998 1175 3082 16,
1191 2999 1208 3060 1

311 3121 425 3207 Neque
452 3123 538 3187 enim
564 3143 639 3186 casu
662 3122 783 3187 factum
807 3126 857 3187 est
880 3122 966 3205 quod
989 3121 1029 3185 ad
1052 3121 1204 3186 ultimum
1227 3122 1372 3187 omnium

223 3231 319 3294 huius
347 3228 422 3293 libri
446 3232 668 3314 excerptorum
691 3227 818 3294 Nonius
842 3228 965 3292 addidit
987 3251 1018 3313 p.
1033 3228 1143 3311 278,5
1167 3228 1222 3292 ‘M.
1245 3228 1373 3294 ‘Pullius

224 3337 264 3401 ad
296 3335 441 3400 Cassium
468 3335 584 3419 lib.1’‚
621 3357 693 3401 cum
722 3336 788 3399 ‘lib
812 3333 840 3400 I’
868 3336 902 3400 in
939 3335 1072 3418 reliquis
1109 3335 1189 3400 locis
1227 3336 1373 3400 omiserit

224 3442 381 3507 omnibus.

312 3547 380 3614 Iam
408 3553 536 3633 tempus
564 3554 613 3613 est
640 3549 678 3613 de
701 3549 818 3615 Lucilii
841 3550 988 3615 uersibus
1012 3571 1170 3635 exponere
1193 3549 1232 3614 de
1256 3549 1373 3632 quibus

224 3661 260 3721 ut
286 3659 371 3721 recte
395 3655 571 3721 iudicemus
596 3654 858 3722 Schottmuelleri
881 3658 929 3721 uti
953 3656 1064 3722 licebit
1087 3657 1293 3721 distinctione
1317 3658 1372 3741 qui

224 3785 351 3848 semper
386 3762 486 3828 libros
522 3761 676 3829 I—XXII
711 3764 795 3828 uidit
831 3764 948 3829 adferri
985 3764 1047 3829 hoo
1083 3763 1179 3829 modo
1217 3763 1372 3828 ‘Lucilius

225 3874 403 3954 satyrarum
425 3871 480 3935 lib.
496 3868 528 3935 I’
552 3875 584 3935 et
607 3872 653 3936 sic
677 3871 840 3956 deinceps,
868 3874 980 3937 contra
1002 3869 1104 3936 libros
1127 3868 1372 3934 XXVl-XXX

223 3977 448 4043 tantummodo
476 3977 632 4043 ‘Lucilius
659 3978 714 4043 lib.
733 3977 854 4042 XXVI'
883 3982 915 4042 et
941 3979 987 4043 sic
1010 4000 1111 4061 usque
1135 3977 1176 4041 ad
1197 3975 1254 4040 lib.
1272 3976 1372 4040 XXX.

224 4083 402 4150 Omittendi
426 4085 526 4170 igitur
549 4090 641 4150 enmt
666 4107 776 4151 omnes
798 4084 862 4150 loci
885 4086 941 4150 ubi
959 4086 1078 4172 legitur
1096 4084 1199 4149 ueluti
1218 4083 1373 4148 ‘Lucilius

223 4192 279 4257 lib.
298 4191 325 4256 I'
358 4196 390 4256 et
417 4192 583 4256 ‘Lucilius'
613 4193 731 4257 omissa
759 4192 834 4256 libri
861 4197 951 4276 nota,
984 4193 1103 4277 quippe
1132 4191 1188 4276 qui
1216 4213 1327 4256 uersus
1356 4212 1373 4254 e

224 4299 508 4383 grammaticorum
547 4298 639 4364 libris
676 4299 742 4362 sint
772 4300 906 4383 sumpti:
938 4299 1040 4364 ueluti
1074 4323 1104 4384 p.
1126 4297 1203 4382 134,
1227 4298 1268 4363 31
1299 4320 1323 4362 s.
1343 4321 1373 4362 u.

223 4404 369 4469 Lauerna
396 4428 460 4470 une
487 4405 606 4490 legitur
628 4404 784 4469 ‘Lucilius
807 4405 861 4470 lib.
881 4405 975 4470 XVII
999 4404 1042 4492 (u.
1062 4403 1154 4493 549)'
1178 4425 1252 4470 oum
1276 4427 1373 4470 uersu
