<?xml version="1.0" encoding="UTF-8"?>
<!DOCTYPE html PUBLIC "-//W3C//DTD XHTML 1.0 Transitional//EN"
    "http://www.w3.org/TR/xhtml1/DTD/xhtml1-transitional.dtd">
<html xmlns="http://www.w3.org/1999/xhtml" xml:lang="en" lang="en">
 <head>
  <title>
</title>
<meta http-equiv="Content-Type" content="text/html;charset=utf-8" />
  <meta name='ocr-system' content='tesseract 3.04.00' />
  <meta name='ocr-capabilities' content='ocr_page ocr_carea ocr_par ocr_line ocrx_word'/>
</head>
<body>
  <div class='ocr_page' id='page_1' title='image "./cluciliicarminu01lucigoog_0070.png"; bbox 0 0 3052 5024; ppageno 0'>
   <div class='ocr_carea' id='block_1_1' title="bbox 599 320 1314 376">
    <p class='ocr_par' dir='ltr' id='par_1_1' title="bbox 599 320 1314 376">
     <span class='ocr_line' id='line_1_1' title="bbox 599 320 1314 376; baseline 0.004 -3"><span class='ocrx_word' id='word_1_1' title='bbox 599 321 878 376; x_wconf 82' lang='lat' dir='ltr'>PROLEGOMENA.</span> <span class='ocrx_word' id='word_1_2' title='bbox 1240 320 1314 376; x_wconf 81' lang='lat' dir='ltr'>LXV</span> 
     </span>
    </p>
   </div>
   <div class='ocr_carea' id='block_1_2' title="bbox 162 481 1443 2281">
    <p class='ocr_par' dir='ltr' id='par_1_2' title="bbox 162 481 1443 2281">
     <span class='ocr_line' id='line_1_2' title="bbox 163 481 1314 570; baseline -0.001 -21"><span class='ocrx_word' id='word_1_3' title='bbox 163 483 260 570; x_wconf 85' lang='lat' dir='ltr'><strong>Apud</strong></span> <span class='ocrx_word' id='word_1_4' title='bbox 297 482 433 549; x_wconf 89' lang='lat' dir='ltr'>eundem</span> <span class='ocrx_word' id='word_1_5' title='bbox 465 481 585 548; x_wconf 91' lang='lat' dir='ltr'>Iulium</span> <span class='ocrx_word' id='word_1_6' title='bbox 616 482 800 548; x_wconf 87' lang='lat' dir='ltr'>Romanum</span> <span class='ocrx_word' id='word_1_7' title='bbox 834 482 971 548; x_wconf 79' lang='lat' dir='ltr'>Charisii</span> <span class='ocrx_word' id='word_1_8' title='bbox 1007 486 1171 550; x_wconf 78' lang='lat' dir='ltr'><strong>auctorem</strong></span> <span class='ocrx_word' id='word_1_9' title='bbox 1203 487 1314 549; x_wconf 85' lang='lat' dir='ltr'>extant</span> 
     </span>
     <span class='ocr_line' id='line_1_3' title="bbox 163 589 1443 676; baseline 0.002 -20"><span class='ocrx_word' id='word_1_10' title='bbox 163 590 209 656; x_wconf 82' lang='lat' dir='ltr'>Pl.</span> <span class='ocrx_word' id='word_1_11' title='bbox 221 589 318 676; x_wconf 90' lang='lat' dir='ltr'>Capri</span> <span class='ocrx_word' id='word_1_12' title='bbox 344 590 508 655; x_wconf 88' lang='lat' dir='ltr'>doctrinae</span> <span class='ocrx_word' id='word_1_13' title='bbox 531 590 685 675; x_wconf 80' lang='lat' dir='ltr'>reliquiae</span> <span class='ocrx_word' id='word_1_14' title='bbox 708 590 819 674; x_wconf 89' lang='lat' dir='ltr'>quales</span> <span class='ocrx_word' id='word_1_15' title='bbox 841 590 997 675; x_wconf 91' lang='lat' dir='ltr'>plurimas</span> <span class='ocrx_word' id='word_1_16' title='bbox 1021 591 1162 656; x_wconf 88' lang='lat' dir='ltr'>seruauit</span> <span class='ocrx_word' id='word_1_17' title='bbox 1184 589 1443 658; x_wconf 62' lang='lat' dir='ltr'>Seminarium</span> 
     </span>
     <span class='ocr_line' id='line_1_4' title="bbox 163 695 1314 784; baseline 0 -22"><span class='ocrx_word' id='word_1_18' title='bbox 163 697 335 764; x_wconf 83' lang='lat' dir='ltr'>Diomedes</span> <span class='ocrx_word' id='word_1_19' title='bbox 364 698 432 783; x_wconf 86' lang='lat' dir='ltr'>alii,</span> <span class='ocrx_word' id='word_1_20' title='bbox 459 701 530 762; x_wconf 89' lang='lat' dir='ltr'>tum</span> <span class='ocrx_word' id='word_1_21' title='bbox 553 695 710 763; x_wconf 79' lang='lat' dir='ltr'>Prisciani</span> <span class='ocrx_word' id='word_1_22' title='bbox 737 697 858 784; x_wconf 85' lang='lat' dir='ltr'>grande</span> <span class='ocrx_word' id='word_1_23' title='bbox 886 718 976 782; x_wconf 91' lang='lat' dir='ltr'>opus.</span> <span class='ocrx_word' id='word_1_24' title='bbox 1022 696 1126 764; x_wconf 87' lang='lat' dir='ltr'>Vsum</span> <span class='ocrx_word' id='word_1_25' title='bbox 1149 718 1218 764; x_wconf 89' lang='lat' dir='ltr'>esse</span> <span class='ocrx_word' id='word_1_26' title='bbox 1240 719 1314 762; x_wconf 91' lang='lat' dir='ltr'>con-</span> 
     </span>
     <span class='ocr_line' id='line_1_5' title="bbox 164 801 1313 892; baseline -0.003 -21"><span class='ocrx_word' id='word_1_27' title='bbox 164 809 229 871; x_wconf 90' lang='lat' dir='ltr'>stat</span> <span class='ocrx_word' id='word_1_28' title='bbox 249 803 388 890; x_wconf 90' lang='lat' dir='ltr'>Caprum</span> <span class='ocrx_word' id='word_1_29' title='bbox 407 802 450 868; x_wconf 89' lang='lat' dir='ltr'>M.</span> <span class='ocrx_word' id='word_1_30' title='bbox 461 803 584 869; x_wconf 86' lang='lat' dir='ltr'>Valerii</span> <span class='ocrx_word' id='word_1_31' title='bbox 602 803 701 869; x_wconf 90' lang='lat' dir='ltr'>Probi</span> <span class='ocrx_word' id='word_1_32' title='bbox 720 805 821 889; x_wconf 89' lang='lat' dir='ltr'>copiis</span> <span class='ocrx_word' id='word_1_33' title='bbox 837 802 974 892; x_wconf 88' lang='lat' dir='ltr'>(Charis.</span> <span class='ocrx_word' id='word_1_34' title='bbox 990 802 1076 869; x_wconf 84' lang='lat' dir='ltr'>CLI</span> <span class='ocrx_word' id='word_1_35' title='bbox 1093 801 1313 891; x_wconf 84' lang='lat' dir='ltr'>p.118,1K):</span> 
     </span>
     <span class='ocr_line' id='line_1_6' title="bbox 162 909 1313 997; baseline -0.002 -19"><span class='ocrx_word' id='word_1_36' title='bbox 162 933 266 997; x_wconf 90' lang='lat' dir='ltr'>neque</span> <span class='ocrx_word' id='word_1_37' title='bbox 288 916 398 977; x_wconf 89' lang='lat' dir='ltr'>tamen</span> <span class='ocrx_word' id='word_1_38' title='bbox 421 909 558 996; x_wconf 86' lang='lat' dir='ltr'>dubites,</span> <span class='ocrx_word' id='word_1_39' title='bbox 582 912 661 996; x_wconf 88' lang='lat' dir='ltr'>quin</span> <span class='ocrx_word' id='word_1_40' title='bbox 683 911 753 996; x_wconf 90' lang='lat' dir='ltr'>ipse</span> <span class='ocrx_word' id='word_1_41' title='bbox 775 911 894 976; x_wconf 82' lang='lat' dir='ltr'>Lucilii</span> <span class='ocrx_word' id='word_1_42' title='bbox 917 915 1041 978; x_wconf 87' lang='lat' dir='ltr'>saturas</span> <span class='ocrx_word' id='word_1_43' title='bbox 1061 912 1313 996; x_wconf 88' lang='lat' dir='ltr'>perlustrauerit.</span> 
     </span>
     <span class='ocr_line' id='line_1_7' title="bbox 162 1016 1314 1108; baseline -0.002 -23"><span class='ocrx_word' id='word_1_44' title='bbox 162 1017 248 1108; x_wconf 80' lang='lat' dir='ltr'>Narp</span> <span class='ocrx_word' id='word_1_45' title='bbox 271 1042 321 1104; x_wconf 87' lang='lat' dir='ltr'>ap.</span> <span class='ocrx_word' id='word_1_46' title='bbox 344 1018 546 1084; x_wconf 90' lang='lat' dir='ltr'>Priscianum</span> <span class='ocrx_word' id='word_1_47' title='bbox 570 1016 623 1084; x_wconf 83' lang='lat' dir='ltr'>CL</span> <span class='ocrx_word' id='word_1_48' title='bbox 644 1018 720 1104; x_wconf 91' lang='lat' dir='ltr'>Hp.</span> <span class='ocrx_word' id='word_1_49' title='bbox 735 1017 810 1104; x_wconf 84' lang='lat'><strong>534,</strong></span> <span class='ocrx_word' id='word_1_50' title='bbox 825 1017 1001 1103; x_wconf 75' lang='lat' dir='ltr'>26Kseqq.</span> <span class='ocrx_word' id='word_1_51' title='bbox 1024 1018 1189 1104; x_wconf 76' lang='lat' dir='ltr'>redarguit</span> <span class='ocrx_word' id='word_1_52' title='bbox 1212 1017 1314 1103; x_wconf 88' lang='lat' dir='ltr'>Caper</span> 
     </span>
     <span class='ocr_line' id='line_1_8' title="bbox 162 1124 1167 1210; baseline -0.001 -18"><span class='ocrx_word' id='word_1_53' title='bbox 162 1125 305 1192; x_wconf 90' lang='lat' dir='ltr'>Probum</span> <span class='ocrx_word' id='word_1_54' title='bbox 328 1124 446 1191; x_wconf 89' lang='lat' dir='ltr'>Lucilii</span> <span class='ocrx_word' id='word_1_55' title='bbox 469 1125 617 1210; x_wconf 83' lang='lat' dir='ltr'>exemplo</span> <span class='ocrx_word' id='word_1_56' title='bbox 642 1125 729 1209; x_wconf 91' lang='lat' dir='ltr'>quod</span> <span class='ocrx_word' id='word_1_57' title='bbox 752 1126 821 1210; x_wconf 89' lang='lat' dir='ltr'>ipse</span> <span class='ocrx_word' id='word_1_58' title='bbox 843 1125 971 1190; x_wconf 89' lang='lat' dir='ltr'>uidetur</span> <span class='ocrx_word' id='word_1_59' title='bbox 993 1124 1167 1191; x_wconf 87' lang='lat' dir='ltr'>inuenisse:</span> 
     </span>
     <span class='ocr_line' id='line_1_9' title="bbox 252 1231 1313 1317; baseline -0.001 -18"><span class='ocrx_word' id='word_1_60' title='bbox 252 1233 399 1317; x_wconf 74' lang='lat' dir='ltr'>lacesso,</span> <span class='ocrx_word' id='word_1_61' title='bbox 431 1231 592 1298; x_wconf 89' lang='lat' dir='ltr'>lacessiui:</span> <span class='ocrx_word' id='word_1_62' title='bbox 627 1232 673 1298; x_wconf 93' lang='lat' dir='ltr'>sic</span> <span class='ocrx_word' id='word_1_63' title='bbox 703 1231 829 1298; x_wconf 90' lang='lat' dir='ltr'>Probus</span> <span class='ocrx_word' id='word_1_64' title='bbox 863 1236 896 1296; x_wconf 91' lang='lat' dir='ltr'>et</span> <span class='ocrx_word' id='word_1_65' title='bbox 926 1232 1055 1297; x_wconf 86' lang='lat' dir='ltr'>uidetur</span> <span class='ocrx_word' id='word_1_66' title='bbox 1086 1232 1167 1298; x_wconf 91' lang='lat' dir='ltr'>mihi</span> <span class='ocrx_word' id='word_1_67' title='bbox 1199 1231 1313 1298; x_wconf 90' lang='lat' dir='ltr'>melius</span> 
     </span>
     <span class='ocr_line' id='line_1_10' title="bbox 188 1337 1314 1430; baseline -0.001 -26"><span class='ocrx_word' id='word_1_68' title='bbox 188 1378 190 1381; x_wconf 88' lang='lat'>·</span> <span class='ocrx_word' id='word_1_69' title='bbox 252 1340 365 1405; x_wconf 86' lang='lat' dir='ltr'>dicare.</span> <span class='ocrx_word' id='word_1_70' title='bbox 420 1339 629 1425; x_wconf 75' lang='lat' dir='ltr'>participium</span> <span class='ocrx_word' id='word_1_71' title='bbox 667 1340 753 1405; x_wconf 90' lang='lat' dir='ltr'>enim</span> <span class='ocrx_word' id='word_1_72' title='bbox 784 1338 950 1430; x_wconf 90' lang='lat' dir='ltr'>passiuum</span> <span class='ocrx_word' id='word_1_73' title='bbox 982 1338 1157 1404; x_wconf 88' lang='lat' dir='ltr'>lacessitus.</span> <span class='ocrx_word' id='word_1_74' title='bbox 1212 1337 1314 1424; x_wconf 81' lang='lat' dir='ltr'>Caper</span> 
     </span>
     <span class='ocr_line' id='line_1_11' title="bbox 252 1430 1313 1531; baseline -0.001 -20"><span class='ocrx_word' id='word_1_75' title='bbox 252 1450 361 1511; x_wconf 85' lang='lat' dir='ltr'>tamen</span> <span class='ocrx_word' id='word_1_76' title='bbox 376 1445 536 1512; x_wconf 77' lang='lat' dir='ltr'>“lacessi&#39;&#39;</span> <span class='ocrx_word' id='word_1_77' title='bbox 552 1446 631 1512; x_wconf 88' lang='lat' dir='ltr'>dicit</span> <span class='ocrx_word' id='word_1_78' title='bbox 645 1469 712 1513; x_wconf 89' lang='lat' dir='ltr'>esse</span> <span class='ocrx_word' id='word_1_79' title='bbox 727 1450 763 1511; x_wconf 90' lang='lat' dir='ltr'>ut</span> <span class='ocrx_word' id='word_1_80' title='bbox 779 1430 940 1512; x_wconf 65' lang='lat' dir='ltr'>“lacessi&#39;&#39;</span> <span class='ocrx_word' id='word_1_81' title='bbox 956 1449 988 1510; x_wconf 89' lang='lat' dir='ltr'>et</span> <span class='ocrx_word' id='word_1_82' title='bbox 997 1447 1122 1531; x_wconf 85' lang='lat' dir='ltr'>profert</span> <span class='ocrx_word' id='word_1_83' title='bbox 1131 1446 1313 1531; x_wconf 86' lang='lat' dir='ltr'>exemplum</span> 
     </span>
     <span class='ocr_line' id='line_1_12' title="bbox 252 1551 1313 1642; baseline 0 -24"><span class='ocrx_word' id='word_1_84' title='bbox 252 1553 370 1619; x_wconf 88' lang='lat' dir='ltr'>Lucilii</span> <span class='ocrx_word' id='word_1_85' title='bbox 399 1576 463 1638; x_wconf 93' lang='lat' dir='ltr'>quo</span> <span class='ocrx_word' id='word_1_86' title='bbox 486 1577 564 1620; x_wconf 92' lang='lat' dir='ltr'>usus</span> <span class='ocrx_word' id='word_1_87' title='bbox 587 1557 636 1619; x_wconf 88' lang='lat' dir='ltr'>est</span> <span class='ocrx_word' id='word_1_88' title='bbox 658 1554 693 1618; x_wconf 90' lang='lat' dir='ltr'>in</span> <span class='ocrx_word' id='word_1_89' title='bbox 715 1551 811 1618; x_wconf 86' lang='lat' dir='ltr'><strong>XIIII</strong></span> <span class='ocrx_word' id='word_1_90' title='bbox 837 1551 880 1641; x_wconf 88' lang='lat' dir='ltr'>(u.</span> <span class='ocrx_word' id='word_1_91' title='bbox 904 1553 969 1618; x_wconf 79' lang='lat'>478</span> <span class='ocrx_word' id='word_1_92' title='bbox 980 1551 1059 1642; x_wconf 86' lang='lat' dir='ltr'>seq.)</span> <span class='ocrx_word' id='word_1_93' title='bbox 1085 1552 1197 1620; x_wconf 82' lang='lat' dir='ltr'>“Num</span> <span class='ocrx_word' id='word_1_94' title='bbox 1219 1557 1313 1618; x_wconf 89' lang='lat' dir='ltr'>uetus</span> 
     </span>
     <span class='ocr_line' id='line_1_13' title="bbox 253 1658 1314 1745; baseline -0.001 -20"><span class='ocrx_word' id='word_1_95' title='bbox 253 1661 307 1725; x_wconf 89' lang='lat' dir='ltr'>ille</span> <span class='ocrx_word' id='word_1_96' title='bbox 332 1658 411 1726; x_wconf 93' lang='lat' dir='ltr'>Cato</span> <span class='ocrx_word' id='word_1_97' title='bbox 435 1683 452 1722; x_wconf 67' lang='lat' dir='ltr'>a</span> <span class='ocrx_word' id='word_1_98' title='bbox 475 1661 664 1726; x_wconf 87' lang='lat' dir='ltr'>lacessisse&#39;&#39;</span> <span class='ocrx_word' id='word_1_99' title='bbox 680 1712 686 1724; x_wconf 96' lang='lat'>.</span> <span class='ocrx_word' id='word_1_100' title='bbox 702 1712 730 1725; x_wconf 94' lang='lat'>..</span> <span class='ocrx_word' id='word_1_101' title='bbox 750 1660 806 1726; x_wconf 90' lang='lat' dir='ltr'>sed</span> <span class='ocrx_word' id='word_1_102' title='bbox 833 1663 941 1745; x_wconf 83' lang='lat' dir='ltr'>potest</span> <span class='ocrx_word' id='word_1_103' title='bbox 968 1659 1133 1726; x_wconf 87' lang='lat' dir='ltr'>lacessisse</span> <span class='ocrx_word' id='word_1_104' title='bbox 1160 1681 1218 1744; x_wconf 85' lang='lat' dir='ltr'>por</span> <span class='ocrx_word' id='word_1_105' title='bbox 1240 1681 1314 1743; x_wconf 77' lang='lat' dir='ltr'>syn-</span> 
     </span>
     <span class='ocr_line' id='line_1_14' title="bbox 252 1765 1313 1854; baseline -0.002 -21"><span class='ocrx_word' id='word_1_106' title='bbox 252 1790 365 1853; x_wconf 89' lang='lat' dir='ltr'>copam</span> <span class='ocrx_word' id='word_1_107' title='bbox 384 1790 454 1834; x_wconf 88' lang='lat' dir='ltr'>esse</span> <span class='ocrx_word' id='word_1_108' title='bbox 471 1767 635 1854; x_wconf 86' lang='lat' dir='ltr'>prolatum</span> <span class='ocrx_word' id='word_1_109' title='bbox 651 1767 733 1833; x_wconf 73' lang='lat' dir='ltr'>“ui&#39;&#39;</span> <span class='ocrx_word' id='word_1_110' title='bbox 748 1768 890 1852; x_wconf 81' lang='lat' dir='ltr'>syllabae</span> <span class='ocrx_word' id='word_1_111' title='bbox 904 1771 941 1833; x_wconf 90' lang='lat' dir='ltr'>ut</span> <span class='ocrx_word' id='word_1_112' title='bbox 956 1767 1129 1851; x_wconf 77' lang='lat' dir='ltr'>“cupisse’&#39;</span> <span class='ocrx_word' id='word_1_113' title='bbox 1146 1765 1313 1851; x_wconf 76' lang='lat' dir='ltr'>“petisse&#39;&#39;</span> 
     </span>
     <span class='ocr_line' id='line_1_15' title="bbox 252 1874 951 1961; baseline -0.001 -22"><span class='ocrx_word' id='word_1_114' title='bbox 252 1874 387 1941; x_wconf 90' lang='lat' dir='ltr'>dicimus</span> <span class='ocrx_word' id='word_1_115' title='bbox 410 1897 471 1961; x_wconf 90' lang='lat' dir='ltr'>pro</span> <span class='ocrx_word' id='word_1_116' title='bbox 495 1874 704 1960; x_wconf 83' lang='lat' dir='ltr'>“cupiuisse&#39;&#39;</span> <span class='ocrx_word' id='word_1_117' title='bbox 730 1874 951 1959; x_wconf 83' lang='lat' dir='ltr'>“petiuisse&#39;&#39;.&#39;</span> 
     </span>
     <span class='ocr_line' id='line_1_16' title="bbox 163 1980 1314 2066; baseline -0.002 -19"><span class='ocrx_word' id='word_1_118' title='bbox 163 1980 265 2058; x_wconf 84' lang='lat' dir='ltr'>Quam</span> <span class='ocrx_word' id='word_1_119' title='bbox 296 1984 404 2048; x_wconf 89' lang='lat' dir='ltr'>locum</span> <span class='ocrx_word' id='word_1_120' title='bbox 436 1981 485 2047; x_wconf 91' lang='lat' dir='ltr'>ilIi</span> <span class='ocrx_word' id='word_1_121' title='bbox 512 1982 715 2048; x_wconf 86' lang='lat' dir='ltr'>considerent</span> <span class='ocrx_word' id='word_1_122' title='bbox 747 1985 887 2066; x_wconf 76' lang='lat' dir='ltr'>oporiet,</span> <span class='ocrx_word' id='word_1_123' title='bbox 920 1981 975 2065; x_wconf 89' lang='lat' dir='ltr'>qui</span> <span class='ocrx_word' id='word_1_124' title='bbox 1003 1980 1203 2047; x_wconf 88' lang='lat' dir='ltr'>Priscianum</span> <span class='ocrx_word' id='word_1_125' title='bbox 1230 1981 1314 2045; x_wconf 89' lang='lat' dir='ltr'>nihil</span> 
     </span>
     <span class='ocr_line' id='line_1_17' title="bbox 164 2087 1313 2175; baseline -0.002 -22"><span class='ocrx_word' id='word_1_126' title='bbox 164 2089 294 2154; x_wconf 88' lang='lat' dir='ltr'>omnino</span> <span class='ocrx_word' id='word_1_127' title='bbox 327 2090 366 2153; x_wconf 87' lang='lat' dir='ltr'>de</span> <span class='ocrx_word' id='word_1_128' title='bbox 399 2112 456 2154; x_wconf 94' lang='lat' dir='ltr'>suo</span> <span class='ocrx_word' id='word_1_129' title='bbox 489 2089 603 2155; x_wconf 86' lang='lat' dir='ltr'>addere</span> <span class='ocrx_word' id='word_1_130' title='bbox 635 2089 779 2175; x_wconf 88' lang='lat' dir='ltr'>potuisse</span> <span class='ocrx_word' id='word_1_131' title='bbox 811 2089 981 2153; x_wconf 90' lang='lat' dir='ltr'>uideantur</span> <span class='ocrx_word' id='word_1_132' title='bbox 1013 2088 1174 2165; x_wconf 68' lang='lat' dir='ltr'>arbitraris</span> <span class='ocrx_word' id='word_1_133' title='bbox 1210 2087 1313 2152; x_wconf 91' lang='lat' dir='ltr'>ueluti</span> 
     </span>
     <span class='ocr_line' id='line_1_18' title="bbox 162 2193 1312 2281; baseline 0.001 -24"><span class='ocrx_word' id='word_1_134' title='bbox 162 2194 269 2261; x_wconf 90' lang='lat' dir='ltr'>locum</span> <span class='ocrx_word' id='word_1_135' title='bbox 298 2194 461 2261; x_wconf 79' lang='lat' dir='ltr'>Ciceronis</span> <span class='ocrx_word' id='word_1_136' title='bbox 489 2196 529 2260; x_wconf 91' lang='lat' dir='ltr'>ad</span> <span class='ocrx_word' id='word_1_137' title='bbox 554 2195 755 2260; x_wconf 88' lang='lat' dir='ltr'>Herennium</span> <span class='ocrx_word' id='word_1_138' title='bbox 782 2216 878 2281; x_wconf 90' lang='lat' dir='ltr'>quem</span> <span class='ocrx_word' id='word_1_139' title='bbox 907 2195 973 2260; x_wconf 90' lang='lat' dir='ltr'>iam</span> <span class='ocrx_word' id='word_1_140' title='bbox 997 2193 1137 2279; x_wconf 89' lang='lat' dir='ltr'>Caprum</span> <span class='ocrx_word' id='word_1_141' title='bbox 1165 2194 1312 2258; x_wconf 85' lang='lat' dir='ltr'>attulisse</span> 
     </span>
    </p>
   </div>
   <div class='ocr_carea' id='block_1_3' title="bbox 26 2299 1525 3888">
    <p class='ocr_par' dir='ltr' id='par_1_3' title="bbox 26 2299 1525 3888">
     <span class='ocr_line' id='line_1_19' title="bbox 164 2299 1313 2388; baseline -0.003 -20"><span class='ocrx_word' id='word_1_142' title='bbox 164 2303 248 2388; x_wconf 91' lang='lat' dir='ltr'>apud</span> <span class='ocrx_word' id='word_1_143' title='bbox 280 2302 379 2368; x_wconf 89' lang='lat' dir='ltr'>Prisc.</span> <span class='ocrx_word' id='word_1_144' title='bbox 406 2302 666 2388; x_wconf 82' lang='lat' dir='ltr'>Ip.95‚18H.</span> <span class='ocrx_word' id='word_1_145' title='bbox 704 2302 825 2368; x_wconf 86' lang='lat' dir='ltr'>iudicat</span> <span class='ocrx_word' id='word_1_146' title='bbox 857 2299 1028 2367; x_wconf 80' lang='lat' dir='ltr'>G.Keilius</span> <span class='ocrx_word' id='word_1_147' title='bbox 1066 2301 1119 2388; x_wconf 87' lang='lat' dir='ltr'>(do</span> <span class='ocrx_word' id='word_1_148' title='bbox 1150 2300 1198 2367; x_wconf 85' lang='lat' dir='ltr'>Fl.</span> <span class='ocrx_word' id='word_1_149' title='bbox 1209 2301 1313 2386; x_wconf 91' lang='lat' dir='ltr'>Capro</span> 
     </span>
     <span class='ocr_line' id='line_1_20' title="bbox 165 2408 1314 2504; baseline -0.003 -29"><span class='ocrx_word' id='word_1_150' title='bbox 165 2409 377 2504; x_wconf 82' lang='lat' dir='ltr'>grammatico</span> <span class='ocrx_word' id='word_1_151' title='bbox 410 2409 483 2475; x_wconf 88' lang='lat' dir='ltr'>Hal.</span> <span class='ocrx_word' id='word_1_152' title='bbox 518 2410 604 2475; x_wconf 87' lang='grc'><strong>1889</strong></span> <span class='ocrx_word' id='word_1_153' title='bbox 635 2433 666 2495; x_wconf 93' lang='lat' dir='ltr'>p.</span> <span class='ocrx_word' id='word_1_154' title='bbox 692 2410 747 2494; x_wconf 86' lang='lat'>18,</span> <span class='ocrx_word' id='word_1_155' title='bbox 772 2409 828 2497; x_wconf 85' lang='lat'>10)</span> <span class='ocrx_word' id='word_1_156' title='bbox 866 2409 935 2494; x_wconf 82' lang='lat' dir='ltr'>alii,</span> <span class='ocrx_word' id='word_1_157' title='bbox 971 2409 999 2473; x_wconf 93' lang='lat' dir='ltr'>is</span> <span class='ocrx_word' id='word_1_158' title='bbox 1036 2408 1195 2473; x_wconf 82' lang='lat' dir='ltr'>antecedit</span> <span class='ocrx_word' id='word_1_159' title='bbox 1226 2412 1263 2473; x_wconf 97' lang='lat' dir='ltr'>ut</span> <span class='ocrx_word' id='word_1_160' title='bbox 1295 2430 1314 2471; x_wconf 88' lang='lat' dir='ltr'>a</span> 
     </span>
     <span class='ocr_line' id='line_1_21' title="bbox 162 2514 1314 2602; baseline -0.003 -21"><span class='ocrx_word' id='word_1_161' title='bbox 162 2516 328 2583; x_wconf 89' lang='lat' dir='ltr'>Prisciano</span> <span class='ocrx_word' id='word_1_162' title='bbox 362 2516 521 2602; x_wconf 83' lang='lat' dir='ltr'>adiectus,</span> <span class='ocrx_word' id='word_1_163' title='bbox 553 2521 706 2582; x_wconf 89' lang='lat' dir='ltr'>secuntur</span> <span class='ocrx_word' id='word_1_164' title='bbox 737 2517 884 2602; x_wconf 88' lang='lat' dir='ltr'>exempla</span> <span class='ocrx_word' id='word_1_165' title='bbox 915 2539 934 2581; x_wconf 89' lang='lat' dir='ltr'>a</span> <span class='ocrx_word' id='word_1_166' title='bbox 963 2514 1067 2601; x_wconf 88' lang='lat' dir='ltr'>Capro</span> <span class='ocrx_word' id='word_1_167' title='bbox 1095 2515 1159 2580; x_wconf 90' lang='lat' dir='ltr'>iam</span> <span class='ocrx_word' id='word_1_168' title='bbox 1187 2514 1314 2598; x_wconf 86' lang='lat' dir='ltr'>prolata</span> 
     </span>
     <span class='ocr_line' id='line_1_22' title="bbox 163 2621 645 2690; baseline 0.004 -3"><span class='ocrx_word' id='word_1_169' title='bbox 163 2622 250 2688; x_wconf 92' lang='lat' dir='ltr'>Liuii</span> <span class='ocrx_word' id='word_1_170' title='bbox 272 2621 451 2689; x_wconf 86' lang='lat' dir='ltr'>Andronici</span> <span class='ocrx_word' id='word_1_171' title='bbox 474 2627 507 2688; x_wconf 88' lang='lat' dir='ltr'>et</span> <span class='ocrx_word' id='word_1_172' title='bbox 529 2624 645 2690; x_wconf 85' lang='lat' dir='ltr'>Plauti.</span> 
     </span>
     <span class='ocr_line' id='line_1_23' title="bbox 252 2727 1525 2824; baseline 0 -30"><span class='ocrx_word' id='word_1_173' title='bbox 252 2730 401 2797; x_wconf 81' lang='lat' dir='ltr'>Eundem</span> <span class='ocrx_word' id='word_1_174' title='bbox 429 2731 676 2817; x_wconf 79' lang='lat' dir='ltr'>grammaticum</span> <span class='ocrx_word' id='word_1_175' title='bbox 704 2731 822 2796; x_wconf 89' lang='lat' dir='ltr'>adferri</span> <span class='ocrx_word' id='word_1_176' title='bbox 849 2730 990 2796; x_wconf 90' lang='lat' dir='ltr'>arbitror</span> <span class='ocrx_word' id='word_1_177' title='bbox 1017 2729 1102 2815; x_wconf 90' lang='lat' dir='ltr'>apud</span> <span class='ocrx_word' id='word_1_178' title='bbox 1131 2727 1313 2794; x_wconf 90' lang='lat' dir='ltr'>Charisium</span> <span class='ocrx_word' id='word_1_179' title='bbox 1323 2728 1464 2824; x_wconf 48' lang='lat' dir='ltr'>mmm}</span> <span class='ocrx_word' id='word_1_180' title='bbox 1474 2729 1525 2769; x_wconf 61' lang='lat' dir='ltr'>CM·</span> 
     </span>
     <span class='ocr_line' id='line_1_24' title="bbox 163 2837 975 2923; baseline 0.001 -21"><span class='ocrx_word' id='word_1_181' title='bbox 163 2861 194 2922; x_wconf 88' lang='lat' dir='ltr'>p.</span> <span class='ocrx_word' id='word_1_182' title='bbox 211 2837 284 2923; x_wconf 89' lang='grc'>100,</span> <span class='ocrx_word' id='word_1_183' title='bbox 298 2839 341 2903; x_wconf 89' lang='grc'>26</span> <span class='ocrx_word' id='word_1_184' title='bbox 365 2838 421 2923; x_wconf 94' lang='lat' dir='ltr'>qui</span> <span class='ocrx_word' id='word_1_185' title='bbox 444 2838 606 2904; x_wconf 91' lang='lat' dir='ltr'>Lucilium</span> <span class='ocrx_word' id='word_1_186' title='bbox 629 2842 776 2905; x_wconf 89' lang='lat' dir='ltr'>accurate</span> <span class='ocrx_word' id='word_1_187' title='bbox 800 2839 975 2923; x_wconf 86' lang='lat' dir='ltr'>inspexerit</span> 
     </span>
     <span class='ocr_line' id='line_1_25' title="bbox 253 2942 1312 3032; baseline -0.003 -23"><span class='ocrx_word' id='word_1_188' title='bbox 253 2945 369 3010; x_wconf 71' lang='lat' dir='ltr'>‘intiba</span> <span class='ocrx_word' id='word_1_189' title='bbox 395 2950 510 3011; x_wconf 87' lang='lat' dir='ltr'>neutro</span> <span class='ocrx_word' id='word_1_190' title='bbox 539 2968 656 3032; x_wconf 82' lang='lat' dir='ltr'>genere</span> <span class='ocrx_word' id='word_1_191' title='bbox 679 2945 845 3032; x_wconf 83' lang='lat' dir='ltr'>Vergilius</span> <span class='ocrx_word' id='word_1_192' title='bbox 869 2945 992 3032; x_wconf 81' lang='lat' dir='ltr'>(georg.</span> <span class='ocrx_word' id='word_1_193' title='bbox 1014 2942 1126 3032; x_wconf 82' lang='lat'>1120)</span> <span class='ocrx_word' id='word_1_194' title='bbox 1149 2943 1232 3008; x_wconf 82' lang='lat' dir='ltr'>dixit</span> <span class='ocrx_word' id='word_1_195' title='bbox 1255 2942 1312 3006; x_wconf 83' lang='lat' dir='ltr'>“et</span> 
     </span>
     <span class='ocr_line' id='line_1_26' title="bbox 163 3051 1312 3119; baseline -0.003 -3"><span class='ocrx_word' id='word_1_196' title='bbox 163 3051 281 3117; x_wconf 87' lang='lat' dir='ltr'>amaris</span> <span class='ocrx_word' id='word_1_197' title='bbox 305 3052 410 3117; x_wconf 90' lang='lat' dir='ltr'>intiba</span> <span class='ocrx_word' id='word_1_198' title='bbox 433 3053 549 3118; x_wconf 87' lang='lat' dir='ltr'>fibris&#39;&#39;</span> <span class='ocrx_word' id='word_1_199' title='bbox 573 3057 605 3118; x_wconf 86' lang='lat' dir='ltr'>et</span> <span class='ocrx_word' id='word_1_200' title='bbox 628 3053 675 3119; x_wconf 89' lang='lat' dir='ltr'>sic</span> <span class='ocrx_word' id='word_1_201' title='bbox 698 3053 793 3118; x_wconf 92' lang='lat' dir='ltr'>multi</span> <span class='ocrx_word' id='word_1_202' title='bbox 817 3053 1023 3118; x_wconf 89' lang='lat' dir='ltr'>eruditorum.</span> <span class='ocrx_word' id='word_1_203' title='bbox 1066 3051 1171 3117; x_wconf 88' lang='lat' dir='ltr'>sedet</span> <span class='ocrx_word' id='word_1_204' title='bbox 1190 3070 1312 3116; x_wconf 84' lang='lat' dir='ltr'>mascu-</span> 
     </span>
     <span class='ocr_line' id='line_1_27' title="bbox 162 3155 1311 3246; baseline -0.002 -24"><span class='ocrx_word' id='word_1_205' title='bbox 162 3159 230 3223; x_wconf 91' lang='lat' dir='ltr'>lino</span> <span class='ocrx_word' id='word_1_206' title='bbox 254 3180 369 3246; x_wconf 83' lang='lat' dir='ltr'>genere</span> <span class='ocrx_word' id='word_1_207' title='bbox 392 3159 577 3245; x_wconf 84' lang='lat' dir='ltr'>frequenter</span> <span class='ocrx_word' id='word_1_208' title='bbox 599 3183 618 3225; x_wconf 89' lang='lat' dir='ltr'>a</span> <span class='ocrx_word' id='word_1_209' title='bbox 641 3161 805 3226; x_wconf 87' lang='lat' dir='ltr'>ueteribus</span> <span class='ocrx_word' id='word_1_210' title='bbox 829 3160 951 3225; x_wconf 89' lang='lat' dir='ltr'>dictum</span> <span class='ocrx_word' id='word_1_211' title='bbox 974 3163 1031 3224; x_wconf 92' lang='lat' dir='ltr'>est.</span> <span class='ocrx_word' id='word_1_212' title='bbox 1071 3180 1147 3223; x_wconf 91' lang='lat' dir='ltr'>nam</span> <span class='ocrx_word' id='word_1_213' title='bbox 1167 3155 1311 3222; x_wconf 90' lang='lat' dir='ltr'>Lucilius</span> 
     </span>
     <span class='ocr_line' id='line_1_28' title="bbox 163 3254 1312 3334; baseline -0.001 -4"><span class='ocrx_word' id='word_1_214' title='bbox 163 3265 247 3331; x_wconf 80' lang='lat' dir='ltr'>inv</span> <span class='ocrx_word' id='word_1_215' title='bbox 270 3266 417 3332; x_wconf 87' lang='lat' dir='ltr'>deridens</span> <span class='ocrx_word' id='word_1_216' title='bbox 440 3267 594 3332; x_wconf 90' lang='lat' dir='ltr'>rusticam</span> <span class='ocrx_word' id='word_1_217' title='bbox 620 3289 731 3333; x_wconf 88' lang='lat' dir='ltr'>cenam</span> <span class='ocrx_word' id='word_1_218' title='bbox 755 3254 1085 3334; x_wconf 41' lang='lat' dir='ltr'>enumeratis&#39;multis</span> <span class='ocrx_word' id='word_1_219' title='bbox 1108 3265 1217 3331; x_wconf 86' lang='lat' dir='ltr'>herbis</span> <span class='ocrx_word' id='word_1_220' title='bbox 1241 3264 1312 3329; x_wconf 78' lang='lat' dir='ltr'>“in-</span> 
     </span>
     <span class='ocr_line' id='line_1_29' title="bbox 162 3372 1312 3461; baseline 0.001 -25"><span class='ocrx_word' id='word_1_221' title='bbox 162 3373 251 3438; x_wconf 93' lang='lat' dir='ltr'>tibus</span> <span class='ocrx_word' id='word_1_222' title='bbox 283 3378 448 3457; x_wconf 85' lang='lat' dir='ltr'>praeterea</span> <span class='ocrx_word' id='word_1_223' title='bbox 479 3375 614 3460; x_wconf 88' lang='lat' dir='ltr'>pedibus</span> <span class='ocrx_word' id='word_1_224' title='bbox 646 3374 823 3460; x_wconf 83' lang='lat' dir='ltr'>proserpsit</span> <span class='ocrx_word' id='word_1_225' title='bbox 856 3373 1047 3461; x_wconf 84' lang='lat' dir='ltr'>(perserpsit</span> <span class='ocrx_word' id='word_1_226' title='bbox 1073 3373 1121 3457; x_wconf 86' lang='lat' dir='ltr'>N,</span> <span class='ocrx_word' id='word_1_227' title='bbox 1153 3372 1312 3456; x_wconf 87' lang='lat' dir='ltr'>perserpit</span> 
     </span>
     <span class='ocr_line' id='line_1_30' title="bbox 163 3478 1312 3568; baseline -0.002 -24"><span class='ocrx_word' id='word_1_228' title='bbox 163 3481 220 3544; x_wconf 82' lang='lat' dir='ltr'>cod</span> <span class='ocrx_word' id='word_1_229' title='bbox 236 3479 376 3566; x_wconf 82' lang='lat' dir='ltr'>Dousce)</span> <span class='ocrx_word' id='word_1_230' title='bbox 395 3481 546 3566; x_wconf 87' lang='lat' dir='ltr'>equinis&#39;&#39;</span> <span class='ocrx_word' id='word_1_231' title='bbox 566 3479 610 3568; x_wconf 92' lang='lat' dir='ltr'>(u.</span> <span class='ocrx_word' id='word_1_232' title='bbox 632 3480 710 3567; x_wconf 84' lang='lat'>193)</span> <span class='ocrx_word' id='word_1_233' title='bbox 729 3485 762 3545; x_wconf 89' lang='lat' dir='ltr'>et</span> <span class='ocrx_word' id='word_1_234' title='bbox 779 3479 939 3546; x_wconf 86' lang='lat' dir='ltr'>Aemilius</span> <span class='ocrx_word' id='word_1_235' title='bbox 956 3480 1065 3545; x_wconf 87' lang='lat' dir='ltr'>Macer</span> <span class='ocrx_word' id='word_1_236' title='bbox 1085 3478 1219 3564; x_wconf 81' lang='lat' dir='ltr'>“quales</span> <span class='ocrx_word' id='word_1_237' title='bbox 1238 3481 1312 3565; x_wconf 78' lang='lat' dir='ltr'>aget</span> 
     </span>
     <span class='ocr_line' id='line_1_31' title="bbox 163 3585 1313 3674; baseline -0.001 -24"><span class='ocrx_word' id='word_1_238' title='bbox 163 3586 296 3652; x_wconf 89' lang='lat' dir='ltr'>intubus</span> <span class='ocrx_word' id='word_1_239' title='bbox 323 3587 472 3653; x_wconf 87' lang='lat' dir='ltr'>herbas’&#39;.</span> <span class='ocrx_word' id='word_1_240' title='bbox 524 3587 619 3674; x_wconf 90' lang='lat' dir='ltr'>Capri</span> <span class='ocrx_word' id='word_1_241' title='bbox 647 3589 726 3653; x_wconf 87' lang='lat' dir='ltr'>haec</span> <span class='ocrx_word' id='word_1_242' title='bbox 754 3610 823 3653; x_wconf 87' lang='lat' dir='ltr'>esse</span> <span class='ocrx_word' id='word_1_243' title='bbox 850 3589 923 3653; x_wconf 91' lang='lat' dir='ltr'>ideo</span> <span class='ocrx_word' id='word_1_244' title='bbox 951 3587 1104 3653; x_wconf 87' lang='lat' dir='ltr'>credibile</span> <span class='ocrx_word' id='word_1_245' title='bbox 1132 3592 1194 3673; x_wconf 83' lang='lat' dir='ltr'>est,</span> <span class='ocrx_word' id='word_1_246' title='bbox 1226 3585 1313 3671; x_wconf 94' lang='lat' dir='ltr'>quod</span> 
     </span>
     <span class='ocr_line' id='line_1_32' title="bbox 26 3690 1312 3780; baseline 0.001 -23"><span class='ocrx_word' id='word_1_247' title='bbox 26 3776 28 3778; x_wconf 15' lang='grc' dir='ltr'>Ι</span> <span class='ocrx_word' id='word_1_248' title='bbox 163 3690 296 3758; x_wconf 87' lang='lat' dir='ltr'>Aemilii</span> <span class='ocrx_word' id='word_1_249' title='bbox 322 3693 424 3759; x_wconf 82' lang='lat' dir='ltr'>Macri</span> <span class='ocrx_word' id='word_1_250' title='bbox 450 3695 527 3760; x_wconf 90' lang='lat' dir='ltr'>libri</span> <span class='ocrx_word' id='word_1_251' title='bbox 554 3695 601 3760; x_wconf 93' lang='lat' dir='ltr'>ibi</span> <span class='ocrx_word' id='word_1_252' title='bbox 629 3695 831 3780; x_wconf 80' lang='lat' dir='ltr'>adferuntur,</span> <span class='ocrx_word' id='word_1_253' title='bbox 858 3695 914 3759; x_wconf 90' lang='lat' dir='ltr'>ubi</span> <span class='ocrx_word' id='word_1_254' title='bbox 941 3693 1037 3779; x_wconf 87' lang='lat' dir='ltr'>Capri</span> <span class='ocrx_word' id='word_1_255' title='bbox 1065 3697 1215 3779; x_wconf 88' lang='lat' dir='ltr'>excerpta</span> <span class='ocrx_word' id='word_1_256' title='bbox 1243 3714 1312 3759; x_wconf 90' lang='lat' dir='ltr'>esse</span> 
     </span>
     <span class='ocr_line' id='line_1_33' title="bbox 112 3797 1311 3888; baseline -0.003 -22"><span class='ocrx_word' id='word_1_257' title='bbox 112 3857 117 3866; x_wconf 91' lang='lat'>.</span> <span class='ocrx_word' id='word_1_258' title='bbox 164 3803 290 3864; x_wconf 88' lang='lat' dir='ltr'>constat</span> <span class='ocrx_word' id='word_1_259' title='bbox 315 3800 417 3866; x_wconf 90' lang='lat' dir='ltr'>ueluti</span> <span class='ocrx_word' id='word_1_260' title='bbox 440 3802 475 3866; x_wconf 91' lang='lat' dir='ltr'>in</span> <span class='ocrx_word' id='word_1_261' title='bbox 497 3800 607 3866; x_wconf 91' lang='lat' dir='ltr'>libello</span> <span class='ocrx_word' id='word_1_262' title='bbox 632 3802 670 3866; x_wconf 88' lang='lat' dir='ltr'>do</span> <span class='ocrx_word' id='word_1_263' title='bbox 693 3802 799 3866; x_wconf 94' lang='lat' dir='ltr'>dubiis</span> <span class='ocrx_word' id='word_1_264' title='bbox 822 3802 1008 3866; x_wconf 90' lang='lat' dir='ltr'>nominibus</span> <span class='ocrx_word' id='word_1_265' title='bbox 1033 3799 1087 3867; x_wconf 83' lang='lat' dir='ltr'>CL</span> <span class='ocrx_word' id='word_1_266' title='bbox 1106 3800 1138 3866; x_wconf 87' lang='lat' dir='ltr'><strong>V</strong></span> <span class='ocrx_word' id='word_1_267' title='bbox 1156 3824 1186 3888; x_wconf 90' lang='lat' dir='ltr'>p.</span> <span class='ocrx_word' id='word_1_268' title='bbox 1201 3797 1311 3885; x_wconf 80' lang='lat'>576‚5</span> 
     </span>
    </p>
   </div>
   <div class='ocr_carea' id='block_1_4' title="bbox 52 3904 1311 4420">
    <p class='ocr_par' dir='ltr' id='par_1_4' title="bbox 160 3904 1311 3994">
     <span class='ocr_line' id='line_1_34' title="bbox 160 3904 1311 3994; baseline 0.002 -25"><span class='ocrx_word' id='word_1_269' title='bbox 160 3904 239 3990; x_wconf 78' lang='lat'><strong>592,</strong></span> <span class='ocrx_word' id='word_1_270' title='bbox 253 3906 297 3971; x_wconf 95' lang='grc'>20</span> <span class='ocrx_word' id='word_1_271' title='bbox 319 3911 351 3971; x_wconf 89' lang='lat' dir='ltr'>et</span> <span class='ocrx_word' id='word_1_272' title='bbox 374 3908 408 3972; x_wconf 93' lang='lat' dir='ltr'>in</span> <span class='ocrx_word' id='word_1_273' title='bbox 425 3906 527 3974; x_wconf 89' lang='lat' dir='ltr'>Nonii</span> <span class='ocrx_word' id='word_1_274' title='bbox 548 3907 633 3973; x_wconf 92' lang='lat' dir='ltr'>libro</span> <span class='ocrx_word' id='word_1_275' title='bbox 651 3907 700 3974; x_wconf 91' lang='grc' dir='ltr'>ΠΙ</span> <span class='ocrx_word' id='word_1_276' title='bbox 722 3910 779 3993; x_wconf 91' lang='lat' dir='ltr'>qui</span> <span class='ocrx_word' id='word_1_277' title='bbox 802 3913 850 3974; x_wconf 88' lang='lat' dir='ltr'>est</span> <span class='ocrx_word' id='word_1_278' title='bbox 873 3909 912 3972; x_wconf 92' lang='lat' dir='ltr'>de</span> <span class='ocrx_word' id='word_1_279' title='bbox 935 3908 1117 3973; x_wconf 89' lang='lat' dir='ltr'>indiscretis</span> <span class='ocrx_word' id='word_1_280' title='bbox 1141 3906 1311 3994; x_wconf 83' lang='lat' dir='ltr'>generibus</span> 
     </span>
    </p>

    <p class='ocr_par' dir='ltr' id='par_1_5' title="bbox 163 4012 1311 4100">
     <span class='ocr_line' id='line_1_35' title="bbox 163 4012 1311 4100; baseline 0 -23"><span class='ocrx_word' id='word_1_281' title='bbox 163 4035 193 4096; x_wconf 93' lang='lat' dir='ltr'>p.</span> <span class='ocrx_word' id='word_1_282' title='bbox 208 4013 284 4098; x_wconf 87' lang='grc'>220,</span> <span class='ocrx_word' id='word_1_283' title='bbox 300 4012 339 4077; x_wconf 78' lang='grc'>17</span> <span class='ocrx_word' id='word_1_284' title='bbox 361 4015 532 4098; x_wconf 81' lang='lat' dir='ltr'>“prosecta</span> <span class='ocrx_word' id='word_1_285' title='bbox 545 4019 619 4080; x_wconf 82' lang='lat' dir='ltr'>exta</span> <span class='ocrx_word' id='word_1_286' title='bbox 634 4068 640 4080; x_wconf 95' lang='lat'>.</span> <span class='ocrx_word' id='word_1_287' title='bbox 656 4067 662 4080; x_wconf 97' lang='lat'>.</span> <span class='ocrx_word' id='word_1_288' title='bbox 679 4067 685 4079; x_wconf 95' lang='lat'>.</span> <span class='ocrx_word' id='word_1_289' title='bbox 700 4014 826 4100; x_wconf 87' lang='lat' dir='ltr'>generis</span> <span class='ocrx_word' id='word_1_290' title='bbox 839 4015 947 4079; x_wconf 89' lang='lat' dir='ltr'>neutri</span> <span class='ocrx_word' id='word_1_291' title='bbox 963 4013 1123 4081; x_wconf 89' lang='lat' dir='ltr'>Aemilius</span> <span class='ocrx_word' id='word_1_292' title='bbox 1137 4014 1245 4079; x_wconf 91' lang='lat' dir='ltr'>Macer</span> <span class='ocrx_word' id='word_1_293' title='bbox 1260 4066 1266 4079; x_wconf 92' lang='lat'>.</span> <span class='ocrx_word' id='word_1_294' title='bbox 1282 4066 1289 4079; x_wconf 87' lang='lat'>.</span> <span class='ocrx_word' id='word_1_295' title='bbox 1305 4065 1311 4078; x_wconf 98' lang='lat'>.</span> 
     </span>
    </p>

    <p class='ocr_par' dir='ltr' id='par_1_6' title="bbox 163 4117 1310 4209">
     <span class='ocr_line' id='line_1_36' title="bbox 163 4117 1310 4209; baseline 0.001 -26"><span class='ocrx_word' id='word_1_296' title='bbox 163 4117 318 4185; x_wconf 86' lang='lat' dir='ltr'>feminino</span> <span class='ocrx_word' id='word_1_297' title='bbox 336 4121 479 4188; x_wconf 90' lang='lat' dir='ltr'>Lucilius</span> <span class='ocrx_word' id='word_1_298' title='bbox 498 4122 553 4187; x_wconf 90' lang='lat' dir='ltr'>lib.</span> <span class='ocrx_word' id='word_1_299' title='bbox 567 4120 645 4186; x_wconf 89' lang='lat' dir='ltr'>XIV</span> <span class='ocrx_word' id='word_1_300' title='bbox 664 4119 708 4209; x_wconf 83' lang='lat' dir='ltr'>(u.</span> <span class='ocrx_word' id='word_1_301' title='bbox 727 4121 808 4208; x_wconf 82' lang='lat'><strong>473)</strong></span> <span class='ocrx_word' id='word_1_302' title='bbox 824 4172 830 4186; x_wconf 96' lang='lat'>.</span> <span class='ocrx_word' id='word_1_303' title='bbox 845 4172 851 4185; x_wconf 94' lang='lat'>.</span> <span class='ocrx_word' id='word_1_304' title='bbox 867 4122 919 4187; x_wconf 87' lang='lat'>.”.&#39;</span> <span class='ocrx_word' id='word_1_305' title='bbox 960 4119 1031 4198; x_wconf 84' lang='lat' dir='ltr'>Quo</span> <span class='ocrx_word' id='word_1_306' title='bbox 1051 4123 1084 4186; x_wconf 93' lang='lat' dir='ltr'>in</span> <span class='ocrx_word' id='word_1_307' title='bbox 1102 4121 1187 4186; x_wconf 91' lang='lat' dir='ltr'>libro</span> <span class='ocrx_word' id='word_1_308' title='bbox 1208 4118 1310 4204; x_wconf 89' lang='lat' dir='ltr'>Capro</span> 
     </span>
    </p>

    <p class='ocr_par' dir='ltr' id='par_1_7' title="bbox 52 4225 1310 4420">
     <span class='ocr_line' id='line_1_37' title="bbox 162 4225 1310 4314; baseline -0.001 -21"><span class='ocrx_word' id='word_1_309' title='bbox 162 4225 307 4293; x_wconf 89' lang='lat' dir='ltr'>Nonium</span> <span class='ocrx_word' id='word_1_310' title='bbox 330 4250 399 4294; x_wconf 87' lang='lat' dir='ltr'>esse</span> <span class='ocrx_word' id='word_1_311' title='bbox 422 4251 516 4303; x_wconf 86' lang='lat' dir='ltr'>usum</span> <span class='ocrx_word' id='word_1_312' title='bbox 540 4232 615 4313; x_wconf 93' lang='lat' dir='ltr'>post</span> <span class='ocrx_word' id='word_1_313' title='bbox 633 4228 776 4294; x_wconf 88' lang='lat' dir='ltr'>Keilium</span> <span class='ocrx_word' id='word_1_314' title='bbox 796 4226 849 4294; x_wconf 83' lang='lat' dir='ltr'>CL</span> <span class='ocrx_word' id='word_1_315' title='bbox 864 4229 895 4294; x_wconf 89' lang='lat' dir='ltr'>V</span> <span class='ocrx_word' id='word_1_316' title='bbox 909 4252 939 4314; x_wconf 92' lang='lat' dir='ltr'>p.</span> <span class='ocrx_word' id='word_1_317' title='bbox 954 4227 1020 4294; x_wconf 80' lang='lat'>570</span> <span class='ocrx_word' id='word_1_318' title='bbox 1038 4228 1133 4294; x_wconf 92' lang='lat' dir='ltr'>multi</span> <span class='ocrx_word' id='word_1_319' title='bbox 1153 4228 1310 4292; x_wconf 84' lang='lat' dir='ltr'>dixerunt.</span> 
     </span>
     <span class='ocr_line' id='line_1_38' title="bbox 52 4331 1260 4420; baseline 0.001 -20"><span class='ocrx_word' id='word_1_320' title='bbox 52 4397 55 4400; x_wconf 81' lang='grc'>,</span> <span class='ocrx_word' id='word_1_321' title='bbox 163 4331 234 4410; x_wconf 85' lang='lat' dir='ltr'>Qua</span> <span class='ocrx_word' id='word_1_322' title='bbox 256 4335 290 4398; x_wconf 92' lang='lat' dir='ltr'>in</span> <span class='ocrx_word' id='word_1_323' title='bbox 314 4336 500 4419; x_wconf 89' lang='lat' dir='ltr'>quaestione</span> <span class='ocrx_word' id='word_1_324' title='bbox 523 4335 690 4401; x_wconf 82' lang='lat' dir='ltr'>Luciliano</span> <span class='ocrx_word' id='word_1_325' title='bbox 712 4339 788 4401; x_wconf 89' lang='lat' dir='ltr'>sunt</span> <span class='ocrx_word' id='word_1_326' title='bbox 810 4336 978 4401; x_wconf 69' lang='lat' dir='ltr'>mactanda</span> <span class='ocrx_word' id='word_1_327' title='bbox 999 4335 1078 4400; x_wconf 87' lang='lat' dir='ltr'>haec</span> <span class='ocrx_word' id='word_1_328' title='bbox 1101 4336 1260 4420; x_wconf 86' lang='lat' dir='ltr'>exempla:</span> 
     </span>
    </p>
   </div>
   <div class='ocr_carea' id='block_1_5' title="bbox 216 4438 1312 4603">
    <p class='ocr_par' dir='ltr' id='par_1_8' title="bbox 216 4438 1312 4603">
     <span class='ocr_line' id='line_1_39' title="bbox 251 4438 1312 4528; baseline 0 -22"><span class='ocrx_word' id='word_1_329' title='bbox 251 4438 336 4507; x_wconf 89' lang='lat' dir='ltr'>Non.</span> <span class='ocrx_word' id='word_1_330' title='bbox 355 4464 385 4525; x_wconf 96' lang='lat' dir='ltr'>p.</span> <span class='ocrx_word' id='word_1_331' title='bbox 401 4442 474 4524; x_wconf 88' lang='grc'>206,</span> <span class='ocrx_word' id='word_1_332' title='bbox 491 4442 533 4506; x_wconf 90' lang='grc'>14</span> <span class='ocrx_word' id='word_1_333' title='bbox 552 4442 669 4508; x_wconf 81' lang='lat' dir='ltr'>‘forum</span> <span class='ocrx_word' id='word_1_334' title='bbox 689 4444 816 4528; x_wconf 82' lang='lat' dir='ltr'>generis</span> <span class='ocrx_word' id='word_1_335' title='bbox 834 4445 954 4510; x_wconf 88' lang='lat' dir='ltr'>neutri:</span> <span class='ocrx_word' id='word_1_336' title='bbox 977 4442 1148 4507; x_wconf 89' lang='lat' dir='ltr'>masculini</span> <span class='ocrx_word' id='word_1_337' title='bbox 1165 4442 1312 4508; x_wconf 88' lang='lat' dir='ltr'>Lucilius</span> 
     </span>
     <span class='ocr_line' id='line_1_40' title="bbox 216 4555 1095 4603; baseline 0.009 -8"><span class='ocrx_word' id='word_1_338' title='bbox 216 4555 302 4596; x_wconf 81' lang='lat' dir='ltr'>Luollll</span> <span class='ocrx_word' id='word_1_339' title='bbox 315 4557 364 4597; x_wconf 80' lang='lat' dir='ltr'>rell.</span> <span class='ocrx_word' id='word_1_340' title='bbox 375 4557 409 4597; x_wconf 89' lang='lat' dir='ltr'>ad.</span> <span class='ocrx_word' id='word_1_341' title='bbox 423 4557 505 4597; x_wconf 76' lang='lat' dir='ltr'>Mm.</span> <span class='ocrx_word' id='word_1_342' title='bbox 1080 4564 1095 4603; x_wconf 78' lang='grc' dir='ltr'>θ</span> 
     </span>
    </p>
   </div>
   <div class='ocr_carea' id='block_1_6' title="bbox 0 0 1530 5024">
    <p class='ocr_par' dir='ltr' id='par_1_9' title="bbox 0 0 1530 5024">
     <span class='ocr_line' id='line_1_41' title="bbox 0 0 1530 5024; baseline 0 0"><span class='ocrx_word' id='word_1_343' title='bbox 0 0 1530 5024; x_wconf 95' lang='lat' dir='ltr'> </span> 
     </span>
    </p>
   </div>
  </div>
 </body>
</html>
